2892 4902
83 387 85 392 Ι
208 317 269 364 XIV

213 464 347 524 Maeonis
366 464 492 527 fratrem
506 465 598 524 Dium
612 485 866 542 commemorasse,
890 485 926 524 ex
940 467 1024 526 ouius
1043 467 1105 526 filia
1120 467 1282 528 Crelhcide

210 547 384 632 (Aeolidem
399 551 528 614 Crethea
544 555 609 629 ipse
627 555 778 614 Hesiodus
797 559 1081 615 commemoraverat
1099 558 1205 632 fragm.
1222 548 1279 636 32)

213 641 300 700 Maec
324 642 488 702 Homerum
518 643 696 717 procreavit.
742 643 791 703 Sic
814 644 892 702 enim
915 647 1020 704 auctor
1047 662 1213 720 anonymus
1242 646 1280 704 dc

212 730 277 788 vile
299 734 330 790 ct
352 732 436 806 poesi
459 731 582 790 Homeri
606 724 712 808 (Plul.
736 733 837 807 script
863 732 894 790 T.
914 732 994 792 XIV.
1017 752 1046 807 p.
1064 735 1128 792 475
1153 733 1281 792 Huhien.

209 818 472 880 Weslcrmcnn.
505 820 525 877 l
558 820 577 878 l.
610 840 639 895 p.
663 814 732 899 21):
761 815 893 898 Ἔφορος
921 816 975 898 μὲν
1007 809 1062 880 οὖν
1094 814 1109 880 ὁ
1142 823 1282 927 Κυμαῖος

210 903 243 966 lv
275 901 455 986 συντάγματι
492 909 537 1010 τῷ
563 905 806 1015 ἐπιγραφομένῳ
817 903 982 1016 Ἐπιγωρίῳ
1016 911 1156 986 Κυμαῖον
1188 903 1281 969 αὐτὸν

209 988 424 1056 ἀποδεικνύναι
446 987 626 1074 πειρώμενός
654 1013 761 1074 φησιν,
789 1019 833 1058 οτι
852 990 992 1074 Ἀπελλῆς
1015 989 1104 1076 (corr.
1128 997 1276 1058 Wclcker.

210 1083 291 1160 Cycl.
311 1105 356 1161 ep.
376 1105 404 1160 p.
422 1087 498 1161 1483
522 1086 605 1144 codd.
626 1078 771 1165 Ἀτελλῆς)
790 1107 840 1146 και
830 1084 972 1146 Μαίων
989 1084 1039 1145 καί
1057 1089 1131 1158 Δῖος
1153 1080 1279 1163 ἆδελφοι

209 1175 342 1250 Κυμαῖοι
355 1195 387 1233 το
376 1132 547 1253 'picco‘
525 1195 568 1232 ων
581 1169 699 1280 Δῑης
668 1195 723 1251 μεν
741 1167 791 1233 διδι
809 1172 878 1254 χρέα
897 1169 1061 1257 μετῴκησεν
1079 1173 1120 1247 είς
1135 1169 1277 1253 Ἄσκρην,

204 1282 313 1369 μωμην
339 1263 391 1339 τῆς
413 1261 569 1336 Βοιωτίας,
597 1255 686 1322 κᾶκεῖ
708 1256 804 1363 γῆμας
830 1256 884 1341 τῆν
911 1257 1093 1341 Πυκιμῆδην
1121 1259 1277 1342 ἐγέννησεν

204 1343 356 1410 Ησίοδον.
398 1344 538 1428 Ἀπελλῆς
567 1347 599 1409 δέ
625 1343 798 1428 τελευτήσας
825 1349 858 1411 ἕν
884 1353 918 1432 τῆ
941 1351 1059 1429 πατρίδι
1082 1345 1172 1432 Κυμη
1194 1350 1276 1411 κατέ-

208 1442 272 1498 λιπε
299 1435 449 1518 θυγατέρα
476 1437 640 1544 Κρηθηίδα
667 1461 811 1517 τουυομα,
847 1434 1084 1518 προστησάμενος
1116 1433 1189 1522 αὐτῆ
1225 1462 1280 1545 τρν

207 1520 340 1604 ἆδελῳδν
367 1521 546 1588 Μαίουα.
539 1522 572 1599 δς
600 1523 793 1605 διακορευσας
819 1521 875 1603 τῆν
901 1525 1118 1632 προειρημένην
1145 1526 1195 1587 καὶ
1221 1522 1277 1606 τῆν

208 1609 266 1675 ιἰπδ
294 1618 352 1675 τῶν
379 1619 506 1676 πολιτῶν
537 1613 585 1676 ἐπὶ
611 1619 651 1700 τῷ
677 1611 810 1720 γεγονότι
839 1616 936 1688 δείσας
958 1611 1143 1697 κατάγνωσιν
1166 1615 1280 1677 έδωκεν

208 1697 301 1782 αὐτῆν
318 1699 393 1782 πρὸς
411 1699 507 1812 γαμον
527 1704 634 1810 Φημίῳ
651 1725 692 1788 τῳ
677 1705 883 1787 Σμυρναίῳ,
903 1701 1069 1811 διδασκάλῳ
1088 1700 1276 1786 γραμμάτων,

208 1795 340 1899 ῳοιτῶσα
363 1789 394 1851 δὲ
397 1786 519 1899 αῆτῆ
517 1789 565 1852 ἐπὶ
587 1786 657 1864 τοὺς
679 1789 825 1899 πλυνούς,
849 1782 917 1854 οἳ
898 1811 976 1904 ησμν
994 1788 1120 1900 ιραρδηΙ
1093 1817 1132 1853 τω
1117 1791 1276 1872 Μέλητι,

208 1874 355 1958 ιἰπεκυησε
378 1874 429 1941 τὸν
442 1875 576 1959 Ὅμηρον
598 1874 696 1939 έπι
669 1903 720 1941 τον
742 1875 874 1960 ποταμὸν
897 1879 946 1942 καί
969 1876 1019 1941 διὰ
1037 1885 1122 1942 τοῦτο
1141 1885 1275 1961 Μελησι-

207 1962 295 2049 γενῆς
318 1963 440 2046 έκλῆθη.
486 1970 522 2027 In
545 1989 603 2045 quo
627 1972 791 2029 notandum
816 1974 863 2030 esi
882 1972 976 2031 verbo
999 1964 1048 2030 διδ
1071 1968 1154 2074 χρέα,
1182 1972 1209 2031 si
1236 1973 1275 2030 ab

208 2059 328 2133 Epho1c
351 2059 486 2133 profecta
510 2062 580 2116 sunl
567 2059 655 2117 ivel
679 2059 717 2117 ch
741 2078 788 2132 ec,
813 2060 859 2118 eui
882 2061 994 2135 Ephori
1017 2060 1128 2120 dioto
1120 2080 1152 2118 m
1175 2061 1275 2119 animo

208 2150 306 2219 erent,
333 2164 394 2206 non
420 2146 465 2205 ihu
492 2165 559 2205 cum
588 2147 694 2206 Tzehza
721 2148 925 2224 intellegenda
953 2167 1031 2222 esee,
1063 2153 1099 2208 ut
1131 2151 1277 2224 „propter

207 2235 329 2294 nomine
342 2231 444 2294 faele“
463 2235 642 2312 significent,
662 2236 913 2311 quemadmodum
927 2238 1085 2298 concludes
1101 2255 1137 2296 ex
1150 2237 1276 2297 Hesiodi

209 2322 297 2398 Oper.
315 2326 387 2396 639,
411 2323 463 2383 sed
482 2325 679 2400 „necessitate
698 2329 832 2384 coceium
851 2329 974 2401 propter
992 2326 1108 2386 fucinus
1127 2323 1276 2403 aliquod.“

207 2411 243 2470 V.
263 2411 414 2472 Procius
434 2413 472 2470 ad
492 2411 580 2489 Oper.
596 2415 673 2473 633:
699 2407 832 2492 Ἔφορος
855 2411 888 2474 δέ
912 2430 986 2492 φησι
1008 2416 1113 2475 τοῦτον
1136 2407 1276 2493 (Hesiodi

207 2495 338 2581 putrem)
362 2500 403 2573 είς
417 2496 548 2580 ’Ἀσκρην
571 2499 670 2561 ἐλθεῖν
693 2495 730 2562 οδ
754 2496 794 2562 δι’
824 2501 981 2581 ἐμπορίαν,
1008 2496 1081 2563 deso
1104 2497 1202 2580 ῳόνον
1225 2500 1274 2580 έμ-

208 2584 317 2666 ῳύλιον
335 2582 574 2670 έργασιίμευονέ).
612 2590 644 2649 Si
662 2610 767 2649 verum
786 2595 833 2650 est
852 2593 931 2667 quod
950 2593 1157 2652 demonstrare
1176 2591 1276 2650 conati

209 2697 324 2750 sumus,
357 2679 496 2738 Proclum
527 2698 587 2738 nou
618 2680 885 2756 logogrophcrum‚
919 2680 973 2738 sed
1002 2679 1116 2753 Ephori
1148 2681 1276 2736 stemma

207 2767 412 2843 proposuisse,
436 2768 598 2826 verisimile
621 2769 713 2827 elium
740 2773 806 2826 es'se
828 2767 948 2826 videtur
972 2766 1098 2825 eundem
1120 2765 1275 2839 Ephorum

210 2859 330 2932 geniem
354 2853 467 2931 Orphei
489 2856 593 2916 eodem
615 2857 705 2921 modo,
726 2856 765 2914 eb
787 2854 928 2931 Apolline
952 2857 982 2913 el
1005 2853 1124 2913 Thoosa
1146 2851 1196 2910 vel
1217 2852 1279 2910 Ac-

208 2945 298 3002 lhusa
325 2945 489 3018 derivasse,
517 2947 606 3020 etque
634 2945 690 3005 hoc
717 2944 867 3004 indicetur
894 2942 932 3001 cb
961 2945 1082 3000 auctore
1106 2939 1221 3015 Agonis
1245 2943 1276 2998 el

209 3033 247 3090 ab
263 3031 406 3106 Charace,
425 3037 461 3092 uh
478 3037 577 3092 tolum
592 3037 720 3092 stemma
738 3031 925 3108 gentilicium
945 3029 1106 3088 seeundum
1120 3029 1274 3104 Ephorum

208 3121 264 3181 hoc
285 3122 379 3180 fuisse
401 3121 551 3181 videatur:
579 3115 731 3181 Ἀπόλλων
748 3117 799 3180 καί
819 3113 939 3191 Θόωσα,
963 3116 1071 3192 Λίνος,
1094 3116 1201 3195 Πίερος
1223 3114 1277 3176 καὶ.
1385 3191 1395 3200 ἢ

208 3203 362 3286 Μεθώνη,
393 3209 520 3290 Οἴαγρος
548 3207 598 3269 καί
625 3199 792 3284 Καλλιόπη,
817 3200 958 3284 Ὀρφευς,
981 3205 1118 3310 Δῳρίωυ,
1142 3198 1273 3282 Εὐκλῆς,

205 3291 384 3376 ’1δμονίδης,
410 3292 604 3376 Φιλοτερπῆς,
628 3296 822 3376 Χαρίῳημυς,
847 3289 1047 3373 Ἐπιφραδῆς,
1074 3289 1274 3369 Μελαυωπός,

200 3381 349 3463 ’Ἀπελλις,
370 3381 522 3464 Ἀπελλῆς,
545 3389 619 3457 Δῖος
642 3378 733 3465 (Δίου
756 3381 874 3461 Πέρσης
896 3406 944 3443 και
964 3376 1130 3464 Ησίοδος),
1159 3382 1274 3441 Μαίων

208 3468 363 3555 (Μαίονος
385 3469 540 3555 Ὅμηρος).
585 3475 631 3532 Ex
664 3473 811 3532 Strabone
843 3491 913 3532 vero
943 3471 1025 3532 XIII.
1053 3492 1081 3547 p.
1111 3474 1188 3544 622,
1222 3471 1274 3546 qui

208 3565 361 3640 Ephorum
384 3568 454 3623 ente
424 3563 578 3622 loculos
597 3563 717 3638 habuit,
740 3562 894 3636 Ephorum
908 3561 998 3619 Dium
1017 3565 1134 3636 pultem
1148 3558 1274 3622 Hesiodi

208 3673 244 3712 ex
257 3673 301 3714 vs.
317 3656 380 3712 299
415 3651 546 3727 Operum
569 3649 707 3710 elicuisse
734 3653 815 3710 recte
848 3648 1076 3710 sculdassio
1103 3649 1182 3708 enim
1208 3649 1275 3706 ille·

208 3734 284 3820 ανῆρ
312 3734 342 3800 δ’
372 3735 454 3812 αξιος
482 3733 600 3817 μνήμης
623 3736 655 3798 έκ
676 3738 761 3816 τῆςδε
788 3741 838 3816 τῆς
861 3733 973 3810 πόλεως
996 3729 1172 3818 (Κύμης)’
1155 3757 1273 3795 αναντι-

208 3826 358 3936 λέκτμις”
341 3845 417 3888 εστιν
432 3822 578 3905 Ἔφορος,
601 3830 660 3887 τῶν
679 3820 862 3938 Ἰσοκράτους
885 3827 1065 3930 γνωρίμων
1063 3828 1115 3885 τοῦ
1139 3819 1273 3905 ῆῆτορος,

208 3911 223 3977 δ
247 3912 302 3992 τῆν
324 3915 455 4020 ίστορίμν
478 3911 674 4025 σμγγριίψας
670 3913 720 3976 καὶ
737 3909 772 3976 τδι
790 3913 933 3996 περὶτῶν
941 3907 1132 4025 εὑρημάτων.
1165 3935 1214 3973 και
1205 3909 1274 3972 έτι

208 4001 347 4085 πρότερος
374 4025 479 4066 τουτου
497 3998 674 4078 οεΗσίοδος
652 4030 678 4067 ο
705 3999 836 4083 ποιητῆς.
882 3998 971 4076 αυτὸς
997 3996 1054 4083 γὰρ
1076 4002 1206 4081 εἴρηκεν,
1230 4022 1274 4060 οτι

281 4214 308 4282 4)
328 4211 368 4267 cf.
393 4212 523 4267 Muller.
543 4212 640 4267 histor.
659 4211 692 4264 fr.
713 4217 766 4265 164
784 4211 814 4277 (Ι.
833 4229 861 4279 p
881 4213 954 4275 277).
993 4207 1066 4290 Quid
1085 4206 1274 4275 Apollodorus

210 4285 266 4354 (vel
284 4284 452 4353 Aulodorus)
474 4282 609 4338 Cumaeos
628 4283 663 4338 de
683 4283 781 4336 eudem
801 4299 830 4336 re
850 4213 952 4336 dixerii
969 4279 1116 4333 nescimus.
