2892 4902
1212 329 1264 375 VII

195 473 332 556 latione,
363 492 460 555 quam
488 470 603 534 iisdem
630 470 710 534 viris
739 470 935 535 doctissimis
963 471 1131 555 debemus,
1164 493 1264 554 quan-

196 583 295 646 quam
323 564 356 623 et
385 559 456 644 ipse
483 558 705 623 nobilissimos
734 559 837 624 libros
864 559 1076 644 perlustravi,
1109 563 1142 623 et
1168 559 1262 624 novis

196 648 363 731 subsidiis,
387 668 469 730 quae
487 669 571 712 nunc
591 647 719 711 demum
739 670 812 712 cum
830 648 887 713 alii
907 648 1113 735 grammatici
1132 647 1262 734 linguas

195 735 481 823 Indogermanicas
509 739 736 820 comparantes
760 759 777 800 e
804 737 967 802 thesauris
996 737 1063 801 suis
1089 736 1185 800 nobis
1214 759 1262 800 ar-

195 826 409 908 cessiverunt,
427 828 499 888 tum
514 825 613 888 etiam
627 823 805 888 Aloisius
821 825 1026 910 RzachiuS,
1044 825 1263 910 investigator

196 913 327 980 dialecti
349 911 530 978 Hesiodeae
553 912 662 978 nescio
686 935 728 977 an
753 913 895 978 omnium
920 915 1160 1000 sagacissimus.

284 1001 397 1086 Neque
416 1001 523 1065 minus
542 1001 576 1064 in
594 1000 840 1086 Prolegomenis
855 1001 1051 1089 Goettlingii
1071 1002 1263 1087 disputatio·

194 1115 252 1157 nes
282 1090 499 1156 moderatiore
528 1091 636 1154 animo
670 1111 799 1154 servare
832 1091 913 1155 mihi
945 1096 1015 1155 erat
1046 1091 1262 1176 propositum,

194 1180 356 1266 imprimis
380 1202 465 1261 eam,
498 1200 562 1262 qua
585 1177 623 1242 de
646 1177 716 1241 vita
745 1175 882 1242 Hesiodi
915 1180 1025 1266 agitur
1056 1179 1262 1264 particulam,

196 1270 350 1354 quoniam
374 1289 456 1351 quae
479 1272 555 1352 post
573 1265 889 1331 Marckscheffelium
909 1270 941 1331 et
960 1267 1200 1354 Goettlingium
1224 1267 1262 1331 de

193 1360 256 1424 hac
279 1357 409 1442 quidem
435 1378 471 1419 re
497 1355 561 1420 viri
584 1355 671 1420 docti
700 1355 964 1440 elaboraverunt,
994 1359 1176 1421 memoratu
1207 1356 1262 1421 vix

195 1448 295 1533 digna
312 1445 508 1511 videbantur
527 1465 606 1508 esse.
643 1443 757 1528 Neque
780 1467 857 1509 vero
880 1467 1038 1529 unquam,
1067 1467 1140 1510 cum
1167 1447 1262 1508 tanta

193 1537 239 1600 sit
262 1533 444 1599 obscuritas
464 1533 582 1598 aetatis
601 1531 795 1617 Hesiodeae,
813 1533 883 1598 fore
902 1536 996 1618 puto,
1015 1536 1053 1598 ut
1070 1533 1145 1618 plus
1165 1555 1263 1616 quam

193 1624 290 1689 hodie
314 1623 396 1687 scire
419 1622 595 1706 possimus3
618 1621 758 1685 fabellas
783 1626 893 1686 autem
915 1622 1018 1686 aniles
1041 1621 1187 1706 proferre
1210 1643 1263 1685 ne·
1312 1636 1315 1641 ’

194 1713 261 1778 scio
273 1735 314 1776 an
328 1710 503 1796 prudentes
513 1710 662 1774 homines
674 1709 813 1774 taedeat.
835 1709 1002 1795 Perpauca
1016 1710 1120 1795 igitur
1129 1710 1263 1793 mutavi,

193 1800 352 1865 nonnulla
376 1798 496 1882 addidi,
523 1798 614 1863 velut
636 1798 826 1863 testimonia
852 1802 1013 1883 veterum,
1044 1821 1126 1882 quae
1150 1797 1263 1863 Goett

194 1889 289 1976 lingii
327 1887 544 1953 subtilitatem
580 1887 749 1973 fugenmt,
786 1892 819 1952 et
852 1887 1038 1952 criticorum
1070 1887 1262 1953 recentioris

193 1978 312 2044 aetatis
345 1977 477 2060 iudicia,
514 1976 657 2040 maxima
690 1980 799 2040 autem
833 1999 871 2040 ex
902 1980 996 2061 parte
1028 1980 1125 2040 notas
1157 1975 1263 2039 textui

193 2067 370 2149 subiectas,
403 2065 469 2130 alia
501 2064 611 2148 omisi,
646 2065 681 2128 in
714 2065 831 2148 quibus
865 2063 1103 2150 Goettlingium
1136 2086 1262 2128 errasse

192 2157 279 2220 inter
309 2177 419 2220 omnes
451 2153 682 2238 intellegentes
711 2153 792 2218 satis
820 2156 963 2237 constat,
990 2153 1081 2218 velut
1106 2175 1156 2235 ea,
1180 2175 1262 2236 quae

194 2245 232 2309 de
252 2243 390 2308 dialecto
410 2241 545 2307 Hesiodi
568 2242 663 2305 etde
688 2241 918 2307 alliterationis
942 2242 1047 2327 figura
1071 2242 1262 2326 explanasse

192 2331 438 2417 interpretando
466 2330 530 2394 sibi
557 2330 647 2393 visus
675 2334 738 2413 est,
766 2330 832 2394 alia
859 2329 995 2412 denique
1023 2330 1156 2394 correxi.
1201 2329 1263 2394 Ac-

194 2424 360 2486 cesserant
391 2423 501 2482 autem
526 2417 655 2500 aliquae
684 2417 864 2501 particulae
900 2417 1004 2481 denuo
1034 2421 1263 2501 pertractatae,

104 2573 108 2582 ,
193 2507 377 2594 elegantius
403 2505 579 2590 expolitae,
609 2505 804 2588 locupletius
832 2510 1006 2570 exornatae
1035 2505 1073 2570 de
1100 2506 1263 2591 fragmen-

193 2597 247 2681 tis,
268 2596 306 2661 de
322 2594 484 2660 codicibus
500 2615 599 2658 manu
618 2593 758 2677 scriptis,
781 2593 819 2658 de
843 2593 1050 2678 editionibus,
1074 2593 1112 2657 de
1132 2594 1261 2658 auxiliis

193 2683 485 2770 interpretationis,
505 2704 568 2765 quo
592 2681 748 2766 quidquid
770 2686 904 2768 praesto
928 2685 998 2747 erat
1028 2681 1191 2767 materiei,
1215 2687 1262 2746 at·

191 2774 269 2858 tuli,
298 2773 403 2837 maius
430 2771 500 2837 fore
529 2770 650 2835 litteris
678 2771 935 2837 emolumentum
957 2776 1063 2855 ratus,
1091 2772 1120 2836 si
1143 2771 1262 2855 omnia,

194 2884 277 2947 quae
300 2862 339 2926 de
358 2861 556 2926 carminibus
567 2858 737 2924 Hesiodeis
753 2860 876 2946 scripta
889 2860 1050 2943 novimus,
1065 2860 1177 2924 ordine
1188 2882 1263 2923 enu-

192 2953 397 3015 merarentur
411 2954 508 3034 atque
527 2949 562 3012 in
581 2948 728 3034 singulas
747 2949 904 3013 materiae
922 2952 1033 3034 partes
1053 2949 1135 3013 bene
1155 2948 1262 3012 distri-

192 3041 382 3122 buerentur,
413 3036 563 3122 quamsi
593 3059 800 3121 quaecunque
829 3037 867 3102 de
890 3041 1080 3122 poematum
1104 3037 1262 3121 composi-

192 3128 297 3212 tione,
328 3127 366 3191 de
393 3126 537 3210 strophis
561 3126 754 3206 carminum,
779 3125 817 3190 de
839 3126 988 3191 versibus
1013 3126 1132 3212 spuriis
1153 3130 1185 3190 et
1209 3148 1262 3212 ge·

192 3217 310 3300 nuinis,
335 3216 373 3280 de
392 3214 578 3280 fabularum
596 3214 867 3298 interpretatione
887 3215 1064 3300 allegorica
1088 3215 1150 3279 viri
1174 3213 1261 3279 docti

192 3305 355 3370 interdum
378 3303 534 3367 hariolati
557 3306 678 3384 essent,
701 3303 796 3367 irrito
820 3303 933 3368 labore
956 3308 1232 3369 coacervarentur.

282 3393 335 3458 Ad
363 3393 443 3456 haec
470 3391 573 3476 igitur
596 3391 706 3475 capita
731 3413 921 3456 revocamus
950 3414 1019 3475 eos,
1048 3414 1185 3475 quorum
1209 3414 1261 3456 res
1352 3409 1356 3414 “

192 3481 372 3546 Hesiodeas
388 3480 540 3546 subtilius
556 3480 711 3564 explicari
728 3480 879 3565 interest,
899 3502 979 3565 quos
994 3481 1116 3545 nostris
1131 3480 1261 3565 quidem

191 3571 395 3655 temporibus
418 3591 539 3654 paucos
563 3591 633 3633 esse
657 3568 770 3632 dolens
794 3569 869 3634 scio.

281 3659 320 3724 In
335 3661 496 3743 apparatu
515 3657 652 3741 denique
671 3657 783 3722 critico
803 3680 842 3722 ex
861 3657 1091 3727 diversissimis
1113 3656 1261 3720 fontibus

192 3748 414 3831 componendo
438 3747 471 3811 id
491 3746 700 3831 potissimum
720 3745 786 3831 egi,
809 3749 846 3810 ut
864 3746 952 3811 viam
970 3745 1133 3830 prioribus
1149 3743 1261 3810 Goett·

193 3836 288 3922 lingii
312 3836 507 3901 editionibus
531 3835 708 3899 indicatam
731 3834 945 3918 omnibusque
968 3835 1142 3919 probatam
1163 3855 1261 3917 quam

193 3924 444 4011 diligentissime
464 3925 685 4007 observarem,
705 3945 891 4007 quanquam
913 3923 1039 3988 nullam
1062 3945 1174 3987 earum
1194 3922 1262 4006 qui-

194 4013 266 4077 dem
286 4013 566 4095 dissertationum,
590 4033 670 4096 quas
690 4016 766 4096 post
786 4011 854 4076 eius
878 4015 1020 4077 aetatem
1044 4011 1082 4076 de
1105 4010 1261 4095 pervesti-

194 4102 308 4186 gandis
336 4101 482 4167 codicum
514 4100 709 4166 lectionibus
738 4104 770 4163 et
803 4100 841 4164 de
870 4099 1069 4166 emendanda
1101 4098 1261 4163 librorum

192 4191 355 4275 scriptura
363 4189 427 4255 viri
443 4189 530 4254 docti
544 4189 811 4273 composuissent,
825 4188 1095 4272 praetereundam
1106 4209 1176 4252 esse
1191 4209 1261 4251 cen·

192 4279 313 4345 sebam.
349 4279 466 4362 Itaque
485 4277 629 4342 omnium
649 4299 776 4361 quoque
796 4299 878 4361 quae
892 4277 1030 4363 posthac
1043 4276 1123 4340 iuris
1134 4274 1262 4361 publici
