2892 4902
1130 315 1207 362 XVII

130 468 175 526 ‘de
198 467 293 542 ipsius
315 464 441 524 Hesiodi
463 466 629 539 senectute,
658 465 694 521 ut
715 461 895 537 opinabatur
917 462 956 537 is,
985 461 1036 537 qui
1059 462 1207 522 Vaticana

137 553 298 631 proverbia
321 552 451 628 collegit.
491 553 592 627 Ipsam
616 551 695 610 enim
717 550 844 610 Hesiodi
867 553 1052 610 senectutem
1074 570 1207 626 compro-

137 643 205 702 bari
227 641 354 701 Alcaei
372 641 545 700 Messenii
563 632 746 720 versiculo⁶)
765 636 930 716 (Brunclr.
946 638 1033 698 Anal.
1048 640 1071 699 Ι.
1085 660 1114 715 p.
1130 642 1204 700 490.
1304 691 1315 698 ,

138 730 231 789 Anth.
258 729 322 789 Pal.
348 728 428 805 VII,
449 721 506 810 55)
532 747 620 788 nemo
647 728 735 788 facile
764 729 822 787 erit
849 729 900 804 qui
929 731 1025 804 putet.
1070 729 1149 787 Nam
1181 728 1207 788 si

136 819 238 894 ipsum
269 817 435 878 Hesiodum
470 818 502 876 in
532 818 686 892 longaevis
719 817 889 876 hominibus
924 818 1004 876 fama
1041 817 1205 892 habuisset,

137 911 219 967 certe
251 906 281 966 id
309 907 458 966 Lucienus
488 905 607 966 silentio
634 924 695 965 non
721 905 929 979 praeteriisset
961 906 993 964 in
1022 907 1142 982 dialogo
1170 906 1207 965 de

138 995 307 1055 macrobiis.
340 996 412 1071 ipsa
426 995 517 1055 etiam
535 995 641 1054 mortis
656 992 781 1053 Hesiodi
796 1012 898 1068 cauea,
918 1014 1009 1070 quam
1027 995 1207 1056 Plutarchus

137 1084 207 1160 Sap.
226 1083 374 1144 Coralli
399 1087 430 1144 et
454 1087 557 1143 auctor
580 1081 759 1142 Certaminie
784 1087 996 1160 exposuerunt,
1022 1087 1208 1144 senectutem

137 1173 356 1250 quodammodo
383 1174 503 1233 videtur
534 1191 684 1248 respuere.
732 1170 830 1241 Quare
861 1170 938 1230 nihil
969 1172 1119 1249 reliquum
1152 1176 1207 1248 est,

18 1251 22 1267 ‘
136 1281 228 1339 quam
251 1267 286 1321 ut
308 1263 364 1320 hac
386 1262 489 1322 fabula
512 1261 618 1320 debis
641 1261 749 1320 iuvene
772 1259 904 1319 Hesiodo
927 1261 1026 1321 doceri
1049 1262 1206 1322 credamus

137 1351 212 1411 duos
245 1351 406 1427 aliquando
439 1350 586 1410 Hesiodos
624 1349 746 1422 vixisse,
784 1349 815 1407 id
848 1350 927 1424 quod
966 1350 1058 1408 etiam
1089 1352 1207 1410 duobus

133 1439 262 1499 Hesiodi
290 1440 447 1515 sepulcris,
476 1457 603 1514 quorum
631 1439 762 1497 alterum
790 1441 856 1495 erat
882 1437 1046 1512 Naupacti,
1077 1440 1207 1498 alterum

138 1521 329 1604 Orchomcui,
357 1529 410 1587 sed
438 1529 482 1586 ita
509 1529 710 1600 exstructum,
737 1530 773 1585 ut
801 1526 959 1600 Naupacto
989 1525 1205 1588 Orchomenum

137 1635 208 1676 ossa
230 1616 356 1676 Hesiodi
383 1617 546 1676 secundum
575 1615 729 1674 oraculum
757 1614 936 1689 Delphicum
963 1617 1112 1679 translata
1142 1635 1208 1676 esee

136 1705 273 1763 dicerent
300 1703 501 1779 Orchomenii,
533 1722 571 1762 ne
599 1722 686 1762 suum
712 1703 866 1762 videretur
894 1703 1075 1764 auctoritate
1104 1706 1208 1764 cedere

138 1793 241 1868 alteri,
265 1793 344 1868 quod
368 1812 406 1851 no
428 1791 606 1867 Naupactiie
630 1791 751 1866 quidem
774 1791 912 1851 omnibus
936 1793 1089 1868 cognitum
1114 1793 1208 1853 fuisse

136 1881 301 1956 fingebant.
342 1880 403 1940 Sed
425 1881 516 1940 etiam
539 1884 644 1955 postea
668 1880 853 1955 Naupactios
878 1899 966 1938 suum
989 1881 1048 1940 sibi
1071 1887 1208 1942 servasse

137 1969 263 2030 Hesiodi
290 1971 461 2045 sepulcrum
489 1971 563 2030 ratis
591 1971 676 2045 patet
704 1987 740 2027 ex
767 1969 923 2028 Plutarchi
949 1970 1064 2029 verbis:
1095 1963 1148 2030 τὸν
1176 1966 1209 2030 δὲ

137 2053 235 2135 τάφον
259 2055 307 2134 [έν
328 2061 367 2143 τῷ
390 2058 508 2136 Νεμείω
510 2055 522 2134 ]
548 2053 701 2118 οίπυλλοὶ
723 2057 783 2117 τῶν
806 2051 957 2129 ξένων
923 2080 978 2118 ουκ
1001 2058 1114 2134 ἴσασιν,
1142 2052 1205 2118 ἄλλ’

137 2140 357 2226 ἀποκέκρυπται
348 2120 454 2224 (non
476 2141 702 2226 απεκέκρυπτο).
743 2147 843 2206 Aliam
866 2148 979 2206 famam
1001 2149 1109 2223 fuisse,
1131 2167 1208 2224 quae

138 2235 245 2309 Ascra,
278 2255 338 2295 non
366 2236 558 2311 Naupacto
550 2255 582 2294 m
609 2254 695 2294 suam
723 2236 830 2294 urbem
858 2254 926 2295 osea
954 2235 1079 2296 Hesiodi
1106 2241 1208 2296 trans-

138 2323 246 2383 tulisse
274 2322 485 2384 Orchomenios
518 2324 644 2396 diceret,
677 2323 749 2382 olim
779 2343 816 2382 ex
846 2324 911 2384 loco
939 2323 1095 2384 Plutarchi
1127 2327 1208 2401 apud

138 2411 279 2470 Proclum
310 2413 349 2470 ad
377 2409 465 2486 Oper.
496 2415 557 2470 631
588 2405 638 2491 (T.
665 2411 747 2469 XIV.
778 2432 807 2485 p.
840 2414 904 2472 308
938 2405 1040 2492 Hutt.)
1074 2415 1210 2473 concludi

138 2517 228 2573 posse
250 2503 403 2598 putaram,
428 2503 458 2558 et
476 2500 519 2558 sic
541 2500 639 2558 denuo
658 2497 804 2558 conclusit
823 2500 1141 2580 Marckecheffeliusp
1156 2506 1208 2563 29.

138 2586 188 2646 Ita
211 2587 290 2645 enim
304 2587 442 2646 Proclue:
466 2580 605 2664 ἀοίκητον
624 2579 711 2646 δὲ’
674 2609 745 2646 αυτο
733 2579 863 2666 ¹⁰(rd
828 2609 880 2665 της
894 2583 1024 2666 ’Ἀσκρης
1031 2583 1208 2692 πολίχνιον)

139 2667 490 2783 ὅΠίονταρχρςιὶστορεῑ
503 2674 553 2736 καί
575 2669 638 2735 τότε
662 2668 751 2751 εἶναι,
778 2673 929 2736 Θεσπιέων
951 2670 1117 2738 ἀνελόντων
1139 2673 1209 2789 scrip

139 2762 308 2843 οἰκοῦντας,
329 2757 532 2870 Ὀρχομενίων
547 2760 579 2824 δὲ
602 2785 672 2836 τους
694 2761 845 2836 σωθέντας
864 2762 1043 2843 δεξαμένων·
1066 2761 1141 2828 σθεν
1158 2765 1208 2828 καὶ

138 2844 190 2913 τὸν
217 2845 291 2914 θεὸν
318 2846 476 2931 προςταξαι
502 2847 536 2912 τὰ
559 2846 703 2913 Ησιόδον
735 2853 864 2932 λείψανα
896 2855 998 2934 λαβεῖν
1028 2853 1079 2915 καὶ
1105 2850 1209 2934 θάψαι

211 3044 238 3108 6)
301 3043 439 3124 Λοκρίδος
458 3037 489 3095 έν
508 3041 590 3109 νέμεϊ
607 3041 708 3113 σκιερῷ
728 3039 816 3127 νέκυη
829 3036 972 3097 Horridum

334 3108 459 3196 Νυμφαι
477 3114 618 3198 κρηνίδων
636 3097 780 3167 λυῦσαν’
761 3109 820 3167 οιπὸ
840 3112 994 3202 σφετέρων,

299 3183 348 3237 καὶ
366 3178 460 3251 τάφον
478 3178 643 3249 υψοίσαντα
662 3178 781 3268 pollacci
799 3180 832 3238 db
851 3183 985 3254 ποιμένες
1003 3183 1093 3255 αίχῶν

336 3250 471 3339 ἔρρανριν,
490 3255 589 3338 ξανθῷ
609 3249 757 3340 μιξαμενοι
777 3253 875 3324 μέλιτι,

299 3325 379 3409 τοίην
398 3319 452 3412 γὰρ
464 3296 573 3378 καί
538 3345 628 3393 χηρυν
646 3320 800 3410 απέπνηεν,
820 3321 906 3380 έννέα
924 3325 1065 3382 Μουσέων

336 3389 352 3448 ὁ
371 3393 494 3465 πρέσβυς
512 3397 650 3464 καθαρων
669 3391 844 3466 γευσάμενος
860 3392 993 3468 λιβάδων.

144 3499 218 3554 Huic
238 3499 462 3583 epigrammati'
454 3519 483 3554 m
509 3502 569 3558 cod
588 3501 694 3556 Matrit.
714 3502 813 3556 XXIV.
833 3502 949 3558 adiunct
937 3506 997 3558 tum
1017 3508 1060 3560 est
1077 3505 1208 3575 alterum,

142 3569 333 3639 inscriptionis
352 3589 459 3641 expers,
478 3573 554 3640 quod
572 3572 729 3643 publicavit
717 3573 861 3630 tIriart
881 3573 952 3632 Bibl.
972 3575 1078 3632 Matrit
1096 3595 1123 3646 p.
1143 3583 1190 3632 97:

296 3672 429 3732 Ησιόδου
448 3676 517 3732 ποτὲ
536 3679 582 3749 pap
566 3673 665 3746 βλονέ
667 3685 734 3749 μοιῐς
751 3673 809 3734 νπὸ
828 3680 923 3748 χερσὶν
945 3669 1063 3736 ἕίίσσων

337 3746 454 3816 Πνρρην
474 3745 574 3814 έξαπίν
595 3769 608 3810 ς
627 3745 705 3804 εἶδον
724 3745 924 3838 ἐπερχομένην,

302 3820 399 3889 βίβλον
417 3817 450 3874 db
470 3817 556 3890 ῥίψας
575 3769 676 3874 lul
643 3839 696 3888 χην
703 3819 776 3908 χερὶ
793 3817 868 3876 τοῦτ’
890 3817 1008 3914 ἐβόησα·

336 3887 403 3958 ἔργα
421 3892 451 3944 τί
467 3911 514 3960 μοι
532 3889 673 3960 παρέχεις,
693 3912 714 3946 ω
734 3889 818 3961 γέρον
833 3887 960 3961 Ησίοδε;

139 3995 221 4049 Prius
244 3995 419 4065 epigramma
441 3998 531 4052 altero
554 3996 678 4080 eiusdem
702 3997 806 4053 codicis
828 4000 889 4054 loco
910 4001 1083 4057 Simonidi
1105 4002 1202 4057 datur·

138 4085 164 4120 v.
186 4066 276 4121 Iriart.
294 4084 322 4136 p
343 4073 385 4121 95.
422 4067 500 4124 Idem
523 4071 619 4122 autem
641 4068 684 4122 vir
703 4069 910 4126 doctissimue'
902 4091 932 4126 m
950 4073 1064 4128 foedum
1083 4089 1204 4128 errorem

140 4137 272 4220 delapsus
287 4139 383 4206 est(p.
398 4142 469 4208 385),
490 4137 612 4208 oumOp
613 4156 651 4193 er
671 4157 698 4193 v
718 4145 858 4196 aes-297
878 4145 1013 4212 tanquam
1032 4143 1205 4213 epigramma

138 4180 469 4347 ρηὶησιηχιχανριὼμσάοτυ
483 4158 612 4264 Hesiodip
622 4208 697 4280 typis
723 4211 916 4280 exprimendos
934 4213 1040 4270 curarit
1058 4215 1129 4284 (cod.
1147 4213 1206 4269 Ma-

193 4373 994 4429 Hrs1on.ed.(soturng.b
