2892 4902
61 1152 115 1243 :1-32
55 1007 120 1136 23?

469 1261 471 1264 ι
491 1151 723 1229 Praefatio
751 1152 950 1228 editoris.

665 1330 773 1339 ...---·

274 1452 568 1539 Goettlingiani
586 1451 750 1518 Hesiodi
768 1451 902 1517 tertiam
920 1455 958 1516 ut
976 1475 1123 1519 curarem
1143 1454 1255 1520 editio·

184 1565 260 1608 nem
288 1565 361 1608 cum
385 1541 503 1606 abhinc
526 1541 774 1626 quadriennium
797 1541 838 1605 ab
862 1540 1094 1606 honestissimo
1118 1543 1254 1608 librario

185 1631 371 1696 admonitus
409 1652 528 1714 essem,
567 1652 648 1714 opus
686 1629 773 1714 quod
804 1629 910 1714 primo
944 1630 1099 1714 adspectu
1118 1631 1256 1697 dromini

184 1718 322 1784 Hesiodi
355 1718 536 1784 carminum
568 1718 808 1783 studiosissimo
841 1740 946 1803 neque
979 1719 1114 1783 arduum
1151 1742 1256 1804 neque

184 1807 394 1872 iniucundum
409 1807 583 1872 videbatur
597 1829 680 1890 1111,
701 1807 864 1891 suscipere
877 1829 919 1870 11
937 1830 1112 1892 parumper
1127 1809 1256 1892 quidem
1306 1840 1308 1843 ·

186 1896 344 1961 dubitavi.
391 1893 602 1962 Confidebam
626 1895 711 1960 enim
736 1896 771 1960 in
793 1896 856 1960 hoc
879 1896 1034 1980 opusculo
1059 1897 1255 1962 conficiendo

183 2007 252 2050 101
274 1986 415 2050 multum
440 1984 621 2050 sudandum
650 2006 735 2069 esse,
763 1984 900 2048 librario
927 1984 999 2069 ipso
1024 1985 1120 2050 alteri
1143 1985 1256 2050 Goett

184 2073 280 2159 lingii
304 2073 440 2138 editioni
460 2096 512 2137 111
537 2096 635 2157 quam
659 2073 799 2138 maxime
822 2095 954 2158 parcere
977 2073 1123 2159 iubente,
1150 2097 1255 2159 neque

184 2161 389 2247 dubitabam,
409 2162 488 2245 quin
502 2162 633 2227 libellus
652 2162 773 2226 diutius
787 2162 854 2226 iam
869 2165 1085 2248 exspectatus,
1105 2164 1255 2228 omnibus

182 2250 333 2316 videlicet
347 2251 494 2334 priorum
513 2250 692 2315 editionum
711 2250 951 2335 exemplaribus
971 2251 1158 2336 divenditis,
1178 2253 1255 2317 ami·

183 2361 238 2404 eos
257 2339 339 2404 mihi
357 2342 443 2404 esset
458 2339 690 2404 conciliaturus
706 2339 1037 2422 exoptatissimusque
1050 2340 1131 2404 viris
1151 2341 1255 2406 doctis

182 2427 277 2492 foret.
315 2426 460 2501 Quarum
479 2426 584 2490 altera
603 2426 733 2510 quidem
753 2448 809 2510 spe
828 2448 1027 2511 magnopere
1050 2428 1153 2492 falsus
1174 2451 1254 2494 sum.

271 2513 418 2578 Primum
433 2514 520 2578 enim
533 2537 600 2578 101
613 2535 734 2598 paucas
745 2514 972 2579 adnotationes
985 2515 1026 2578 ad
1040 2519 1146 2581 certas
1161 2539 1255 2601 quas-

183 2601 258 2668 dam
277 2603 483 2687 quaestiones
504 2605 703 2688 spectantes,
728 2601 925 2686 simulatque
943 2625 1063 2668 novam
1082 2611 1254 2671 curaturus

183 2690 358 2756 editionem
381 2691 512 2777 penitus
536 2691 718 2776 perspicere
746 2691 907 2776 planeque
935 2713 1130 2778 cognoscere
1154 2694 1255 2778 coepi,

181 2779 328 2866 integras
355 2801 422 2846 101
448 2779 677 2864 relinquendas
712 2802 782 2844 esse
815 2802 866 2844 me
901 2781 1049 2864 quamvis
1082 2782 1255 2847 consilium

181 2867 373 2934 redemtoris
397 2869 555 2934 memoria
577 2869 772 2936 retinentem
794 2868 908 2954 fugere
931 2891 998 2934 non
1020 2874 1166 2955 poterat:
1191 2893 1254 2956 quo

180 2956 390 3040 potissimum
424 2957 529 3022 multa
561 2979 673 3023 eorum
712 2979 793 3040 quae
827 2957 865 3022 dc
898 2959 994 3023 rebus
1027 2960 1255 3047 etymologicis

181 3045 495 3131 mythologicisque,
519 3047 558 3110 de
576 3047 677 3111 variis
701 3045 957 3132 recensionibuS,
982 3048 1072 3114 dere
1095 3071 1256 3134 gramma-

181 3133 260 3218 tica,
280 3134 318 3198 de
335 3135 495 3198 sermonis
510 3135 726 3219 proprietate,
746 3134 785 3198 de
799 3135 940 3219 pristina
954 3137 1134 3202 carminum
1148 3137 1256 3202 forma

184 3222 342 3288 adnotata
361 3226 455 3288 11111
473 3223 593 3307 111110,
613 3245 695 3306 quae
715 3223 825 3288 omnia
840 3224 909 3288 fere
922 3226 985 3290 hac
999 3226 1098 3291 tertia
1113 3225 1254 3292 editione

158 3327 165 3340 ¹
181 3311 329 3376 tollenda
354 3316 455 3377 erant.

269 3399 394 3464 Deinde
422 3404 542 3484 autem,
567 3400 644 3483 quia
666 3400 833 3465 nonnullis
857 3401 892 3464 in
914 3402 1012 3466 rebus
1035 3402 1157 3487 partim
1181 3426 1254 3468 cum

183 3485 388 3574 Goettlingio
412 3488 670 3573 consentiebam,
699 3489 821 3575 partim
846 3490 887 3554 ab
911 3490 979 3554 1111
1004 3491 1167 3557 sententia
1192 3493 1254 3556 dis-

180 3576 349 3661 cedebam,
379 3599 433 3641 111
461 3576 620 3642 formulas
650 3578 766 3662 quibus
796 3582 828 3642 ct
857 3578 1002 3644 assensio
1032 3583 1064 3644 et
1093 3580 1253 3646 dissensio

181 3664 227 3728 111
242 3666 477 3749 exprimeretur
496 3670 659 3750 accurate,
678 3671 716 3732 ut
735 3666 919 3751 superiores
933 3671 1030 3732 notas
1049 3669 1136 3736 haud
1154 3669 1252 3733 inter-

178 3756 294 3836 ruptas
330 3759 501 3820 contexere
534 3755 660 3838 liceret,
697 3776 766 3820 non
798 3777 925 3840 semper
968 3757 1049 3821 mihi
1087 3759 1271 3842 extemplo·

179 3840 358 3906 invenienti
385 3866 471 3910 nova
498 3843 573 3908 inde
601 3842 778 3908 difficultas
805 3843 954 3928 profecta
982 3850 1045 3930 est,
1074 3846 1161 3930 quod
1189 3869 1251 3933 ego

178 3928 248 4013 ipse
264 3932 555 3997 commentationes
566 3955 664 4016 meac,
680 3954 760 4016 quas
771 3931 810 3996 de
821 3933 1066 4015 quaestionibus
1078 3933 1251 4000 Hesiodcis

179 4018 371 4103 conscripsi,
402 4042 587 4105 quanquam
615 4043 656 4085 ne
680 4020 790 4085 omnia
819 4021 949 4104 quidem
978 4045 1061 4108 quae
1085 4024 1252 4090 enucleavi

178 4107 385 4174 accumulare
407 4109 443 4172 in
465 4110 574 4174 animo
598 4110 778 4192 habebam,
802 4109 932 4173 silentio
955 4133 1090 4196 prorsus
1109 4117 1252 4200 praeter·

177 4195 308 4261 mittere
326 4219 393 4261 101
411 4201 573 4282 poteram,
598 4220 661 4283 quo
682 4197 813 4283 quidem
831 4197 955 4263 factum
974 4205 1037 4285 cst,
1060 4203 1098 4265 ut
1122 4202 1251 4286 saepius

123 4353 126 4360 ,
177 4305 243 4366 qua
264 4306 355 4350 meas
378 4286 506 4352 ratione
530 4287 679 4352 afferrem
704 4286 883 4352 sententias
903 4287 1097 4371 ignorarem.
1134 4289 1266 4376 Itaque

66 1381 114 1686 Qfflne-
57 1259 114 1348 :A

65 1757 80 1762 ι’
68 1681 80 1724 Ση-

82 1721 101 1762 ’ἱῦ
