2892 4902
208 269 269 317 LVI

211 417 332 496 gamem
359 418 541 492 praefectus,
574 427 695 494 operam
722 419 906 479 laudabilem
932 419 1052 481 videtur
1079 421 1218 497 posuisse
1248 422 1283 480 in

212 507 316 566 critica
346 506 505 569 Hesiodea.
555 506 591 567 V.
628 506 725 566 Schol.
757 507 796 566 ad
829 507 919 584 Oper.
952 509 1030 570 53οι
1071 503 1216 588 Κράτης
1246 506 1282 570 δὲ

211 589 320 675 γράφει
342 589 551 673 μαλκιόοιντεςς
574 595 612 655 ad
636 595 748 672 Theog.
773 599 850 656 126ε
883 589 945 656 ἀλλ’
972 589 1193 676 6Κράτης’
1158 602 1289 710 ςαπορεί

212 679 318 764 λέγειν·
351 683 378 742 εί
403 676 459 788 γὰρ
487 683 566 760 λ’σον,
593 685 658 756 πῶς
683 679 808 744 driccam
834 680 1006 762 ιιαλιίπτεινς
1032 675 1171 766 λέγει
1135 708 1191 746 σον
1215 687 1280 748 ἴσον

212 766 317 849 ὅμοιον
338 774 378 854 cpi
401 765 539 874 σγήγατι,
562 771 753 850 σφαιροειδῆ,
779 776 819 858 τῷ
847 757 964 854 μεγέθει
986 770 1020 834 δὲ
1041 768 1279 852 ἆπειροπλοὶσιον.

211 861 308 921 Locus
340 861 538 940 gravissimus
575 863 622 921 est
650 861 747 922 Schol
780 834 1003 940 Theog.142:
1043 857 1285 968 Κράτηςάντλ

125 1020 129 1028 .
212 971 318 1014 roccos
346 943 436 1010 ἄλλον
464 948 562 1028 στίχον
588 949 793 1029 παρατίθεται
826 951 857 1011 οἱ
882 945 910 1011 δ’
936 949 966 1025 ἐξ
988 945 1152 1012 ἀθανάταν
1173 949 1285 1031 θνητοί

211 1032 323 1116 τράφεν
354 1032 623 1116 additamentam
653 1032 709 1118 γὰρ
741 1032 810 1111 τοὺς
842 1033 951 1112 αὐτοὺς
982 1043 1066 1113 θεοῖς
1095 1039 1280 1150 ἐναλιγιιίοιις

212 1124 287 1208 λίγει
313 1124 364 1186 καί
390 1124 424 1187 ἐν
450 1129 490 1211 ιιό
517 1129 577 1188 τῶν
599 1116 815 1188 Aecasross'sdciv
837 1121 1032 1211 ιιαταλόγριε
1015 1123 1075 1190 απὸ
1095 1122 1285 1202 ’Λπόλλωνος

212 1209 385 1299 ἆνηρῆσθαι
401 1221 494 1292 ποιεῖς
518 1216 563 1274 htx
582 1234 639 1291 quo
657 1233 804 1294 apparere
824 1217 944 1277 videtur
963 1217 1115 1278 Cretatam
1128 1219 1284 1295 cognitam.

211 1305 355 1365 habuisse
382 1306 473 1364 aliam
486 1261 687 1381 Theogoniae
713 1305 929 1380 recensionem,
957 1325 1047 1382 quam
1074 1325 1111 1366 ea
1134 1311 1193 1380 est,
1220 1326 1286 1384 qua

212 1412 291 1454 nuno
314 1412 369 1454 nos
396 1394 522 1468 utimur,
551 1411 642 1469 quam
666 1393 846 1454 sententiam
868 1396 960 1454 etiam
983 1393 1015 1454 Ο.
1039 1395 1282 1457 Wachsmuth.

213 1483 250 1543 de
270 1481 392 1542 Gratata
411 1483 537 1542 Mallote
558 1501 587 1557 p.
607 1483 648 1542 28
667 1485 728 1541 not.
749 1485 777 1542 1.
799 1484 954 1558 amplexus
973 1485 1029 1544 est.
1064 1483 1168 1560 Longe
1191 1485 1286 1544 aliter

212 1570 315 1631 sutem
338 1570 374 1630 de
397 1571 453 1631 hoc
479 1572 544 1632 loco
567 1571 912 1630 Marcksoheffelins
939 1572 1051 1632 iudicat
1073 1592 1102 1648 p.
1128 1575 1204 1647 126,
1228 1573 1281 1649 qui

213 1658 369 1721 Oratetem
391 1660 470 1720 huno
492 1677 613 1720 versum
638 1652 684 1740 (ol
704 1652 733 1718 θ’
759 1656 789 1732 ἐξ
810 1652 878 1740 old.)
903 1679 939 1720 ex
960 1660 1180 1737 Leucippidum
1202 1665 1282 1721 cata-

213 1748 283 1826 logo
307 1749 417 1808 citasse
439 1749 472 1807 in
494 1747 631 1824 margine
653 1749 755 1825 putat,
778 1750 814 1807 ut
837 1748 996 1809 diversione
1018 1751 1227 1810 narrationum
1249 1750 1285 1809 in

212 1837 389 1913 'theogonia
410 1839 442 1896 et
463 1837 496 1894 in
519 1834 673 1912 catalogis
697 1841 864 1912 appareret
909 1838 951 1897 Et
972 1839 1055 1898 recte
1076 1839 1199 1914 quidem
1220 1849 1281 1898 mo*

212 1926 280 1986 nuit
305 1923 525 2004 παρατίθεσθαι
553 1917 599 2002 (et
626 1919 836 2004 παρατιθέναι)
868 1926 1038 2002 significare
1069 1927 1175 1986 multis
1206 1927 1280 1988 locis

214 2011 343 2092 „citare‚
375 2011 531 2086 laudare“,
564 2013 617 2073 sed
644 2014 775 2073 multum
806 2015 907 2074 differt
927 2015 1036 2075 dicere
1061 2014 1289 2094 παραείθεσθαί

213 2123 278 2162 τινα
306 2101 404 2180 στίχον
432 2105 463 2162 et
490 2101 710 2180 παρατίθεσθαι
732 2102 831 2181 στίχον
852 2096 931 2162 ἄντί
953 2098 1064 2166 ἄλλον
1087 2104 1224 2183 στίχον,
1247 2107 1282 2164 ut

213 2191 323 2250 dicitur
354 2191 415 2264 hic,
448 2191 528 2266 qnod
559 2191 642 2250 nullo
674 2192 763 2267 pacto
793 2194 896 2268 potest
926 2191 1095 2268 significare
1127 2193 1171 2268 id,
1203 2193 1282 2269 quod

212 2277 488 2342 Marchscheffelius
510 2280 616 2359 voluit,
639 2298 811 2357 quanquam
834 2280 991 2341 Schoem.
1011 2301 1056 2357 op.
1070 2281 1110 2340 11.
1124 2302 1152 2358 p
1171 2284 1237 2343 534
1251 2284 1288 2340 et

212 2368 326 2445 Theog.
343 2389 373 2444 p.
393 2370 454 2429 105
474 2371 537 2430 not.
556 2369 586 2428 ei
602 2368 806 2445 adstipulatus
825 2373 879 2429 est.
910 2370 959 2430 Ita
977 2369 1140 2430 scholiasta
1157 2370 1284 2430 dixisset

213 2458 327 2534 potius:
359 2451 452 2541 τούτῳ
479 2460 520 2542 τῷ
548 2456 634 2540 στίχῳ
662 2451 753 2518 αλλον
780 2458 877 2536 στίγον
904 2457 1111 2536 παρατίθεται,
1138 2461 1174 2518 ut
1201 2457 1292 2536 apud'

213 2545 332 2606 Platon.
355 2547 428 2622 Lag.
451 2547 488 2607 V.
511 2567 540 2622 p.
565 2545 667 2607 7350
691 2542 884 2626 παραθέσθαι
905 2549 946 2629 τῷ
968 2540 1054 2629 λόγῳ.

302 2662 353 2721 ΙΧ.
389 2661 426 2720 In
447 2661 495 2720 his
514 2661 719 2738 grammaticis
738 2659 932 2738 Pergamenis
951 2662 1107 2722 habendus
1126 2665 1172 2722 est
1191 2663 1287 2720 etiam.

213 2749 421 2810 Demetrius
454 2750 532 2809 Ixio
564 2749 865 2826 Adramyttenus,
898 2749 950 2826 qui
976 2751 1107 2810 testibus
1135 2749 1227 2810 Suida
1250 2754 1283 2810 et

213 2839 343 2898 Eudoc.
365 2859 394 2914 p.
416 2840 477 2898 133
503 2832 650 2917 (Eudocia
672 2837 827 2897 obscurius
851 2837 892 2911 είς
918 2832 1053 2918 ’Όμηρον
1078 2836 1128 2898 καί
1140 2831 1289 2899 Ἡσίοδον

213 2918 353 3006 ἐξήγησιν
374 2919 494 3006 laudat)
517 2919 656 3006 ἐξήγησιν
673 2925 715 2998 είς
733 2918 875 2987 Ἡσίοδον
898 2928 1024 3005 scripsit.

304 3041 341 3104 X.
377 3041 491 3102 Eodem
514 3037 607 3101 Suida
629 3042 708 3100 teste
730 3041 929 3118 Dionysius
950 3041 1171 3116 Corinthius,
1193 3046 1285 3118 poeta

96 3157 98 3164 ⁴
215 3131 330 3207 opicus,
352 3123 559 3210 καταλογάδην
581 3121 743 3208 ὑπόμνημα
766 3130 808 3202 είς
825 3123 967 3192 Ἡσίοδον
993 3130 1223 3207 conscripserat,
1246 3133 1288 3190 de

216 3239 275 3296 quo
297 3239 326 3282 v.
349 3218 477 3281 Endos.
500 3239 530 3294 p.
555 3220 626 3278 132.
668 3218 754 3281 Idem
777 3238 843 3280 esse
865 3220 999 3294 videtur,
1022 3240 1111 3297 quern
1132 3239 1193 3278 una
1216 3239 1284 3280 cum

214 3307 354 3386 Polynslo
378 3306 541 3368 scholiasta
554 3307 695 3368 Dorvillii
717 3308 863 3384 allegavit
886 3309 923 3367 ad
947 3307 1036 3384 Oper.
1052 3311 1102 3370 10.
1142 3309 1284 3368 Fortasse

216 3399 319 3457 autem
354 3396 392 3456 de
422 3395 567 3472 Dionysio
599 3396 803 3456 Alexandrino
835 3397 1045 3474 grammatico,
1075 3395 1182 3458 Glauci
1213 3397 1288 3473 fiho,

217 3485 412 3561 cogitandum
425 3486 484 3561 est,
503 3486 588 3545 cuius
603 3485 716 3564 scripta
730 3484 837 3544 Suidas
852 3489 882 3545 et
895 3485 1005 3545 Hudoc.
1024 3506 1053 3562 p.
1069 3489 1131 3546 133
1151 3485 1288 3545 laudant.

303 3591 355 3654 XI.
391 3590 605 3668 Hieronymi
628 3595 664 3654 et
687 3592 930 3668 Epaphroditi
957 3584 1127 3670 ὑπόμνησιν
1147 3586 1286 3664 Ἀσπίιλος

215 3697 251 3739 ex
278 3680 381 3756 thm.
408 3681 448 3743 M.
475 3681 635 3741 citavimus
658 3681 697 3740 ad
724 3680 805 3742 Scut.
828 3683 903 3742 431.
940 3673 999 3760 (cf.
1028 3681 1130 3757 Etym.
1155 3680 1231 3740 (lud.
1255 3701 1284 3741 v.

210 3760 355 3849 Ἇλιιαία).
400 3768 643 3846 Epaphroditi
671 3770 928 3832 commentationis
956 3769 1160 3846 fragmentum
1184 3772 1284 3831 exstat

5 3851 6 3870 ¹
115 3850 120 3858 ’
215 3857 307 3916 etiarn
329 3857 361 3916 in
384 3858 496 3918 scholio
519 3857 558 3918 ad
580 3858 660 3920 Scut.
686 3860 759 3920 301.

304 3961 372 4022 XII.
404 3963 499 4024 Porro
513 3964 734 4024 Plutarchus
750 3963 1013 4024 Chaeronensis
1028 3966 1172 4041 quattuor
1190 3963 1288 4024 libros

215 4052 499 4112 commentariorum
531 4054 652 4130 scripsit
680 4054 712 4112 in
743 4053 909 4114 Hesiodum
936 4045 1031 4132 (Aul.
1060 4053 1151 4113 Geli.
1178 4052 1216 4112 N.
1247 4052 1287 4113 A.

215 4141 280 4217 XX,
305 4134 353 4222 8),
382 4160 509 4218 quorum
536 4143 635 4202 multa
662 4141 734 4202 sunt
759 4143 877 4218 reliqua
902 4142 934 4200 in
956 4141 1078 4202 Procli
1102 4140 1223 4202 scholiis
1245 4140 1285 4200 ad

215 4229 341 4290 Hesiodi
368 4229 475 4307 Opera.
520 4230 557 4291 In
584 4231 790 4327 Theogoniam
817 4232 1046 4291 commentarios
1073 4249 1133 4292 non
1163 4229 1288 4290 videtur
