2892 4902
225 353 248 399 L

225 501 348 578 publica
364 501 510 577 novisque
528 500 561 559 in
578 518 615 560 ca
632 501 752 578 legibus
767 501 839 561 latis
853 501 990 562 concludi
1003 505 1106 579 potest
1119 495 1157 563 ex
1174 504 1297 564 Pindar.

225 590 316 666 Pytb.
347 590 376 666 Ι,
405 591 483 648 125:
520 585 577 648 αἰεὶ
608 586 707 667 μένειν
737 594 890 668 τεθμοῖσιν
921 589 955 652 ἔν
986 591 1129 672 Αἰγιμίου
1160 593 1298 672 Δωρίοις.

225 679 331 755 Neque
352 677 438 753 Hyili
460 677 699 754 Timandracque
721 679 833 739 mentio
855 681 962 740 abasse
983 685 1112 756 poterat

314 767 368 828 VI.
385 766 431 825 De
449 767 582 826 carmine
594 764 674 845 περί
688 760 829 827 Ἰδαίων
848 762 1036 829 δακτύλων
1053 770 1123 830 vide
1140 771 1295 831 Lobecir.

225 857 297 933 AgL
322 876 352 932 p.
379 857 477 914 1156:
510 854 642 930 „Snidae
671 856 844 916 testimonio
871 857 959 918 nobis
991 858 1124 918 innotuit
1155 859 1295 920 carminis

226 944 368 1006 Hesiodei
398 944 554 1020 inscriptio
585 941 652 1022 περί
679 937 798 1004 Ἰδαίων
829 940 1002 1020 Δακτύλων,
1036 946 1226 1007 Cretensium
1257 968 1297 1008 au

225 1033 427 1110 Pbrygiorum
448 1032 530 1092 hand
552 1032 640 1093 facila
658 1034 753 1109 dictu3
775 1051 846 1093 uam
864 1037 963 1094 totum
981 1036 1126 1095 amissum
1145 1040 1200 1097 est
1237 1037 1295 1098 Sed

225 1123 331 1182 eodem
357 1125 480 1182 auctore
502 1121 619 1180 Plinius
642 1122 786 1199 Deotylos
814 1120 922 1183 (iratae
949 1123 1042 1183 infert
1064 1124 1132 1198 VII,
1157 1127 1214 1202 56,
1235 1127 1295 1186 nisi

223 1212 289 1286 iile,
316 1229 392 1287 quoe
420 1210 570 1270 Hesiodus
597 1211 739 1288 ambiguo
766 1211 886 1276 nomine
908 1212 1014 1273 Idaeos
1036 1218 1211 1288 vocaverat,
1239 1233 1293 1275 suo

225 1300 351 1360 arbitrio
372 1299 446 1358 Idae
469 1297 604 1359 Creticae
626 1299 730 1373 infert,
753 1302 790 1358 nt
811 1301 931 1362 notiori.
972 1299 1031 1361 Sed
1054 1302 1146 1362 etiam
1169 1303 1295 1363 Hesiodi

225 1388 407 1450 sententiam
425 1386 592 1448 Clemens
612 1388 700 1448 affert
718 1387 828 1448 Strom.
846 1389 870 1448 L
888 1409 918 1465 p.
933 1392 996 1450 362
1011 1381 1107 1470 (307)
1131 1392 1295 1452 excusabili

224 1478 437 1554 discrepantia,
464 1477 605 1554 quoniam
631 1477 763 1537 Hesiodo
794 1478 884 1552 plura
914 1497 934 1537 a
964 1478 1093 1539 diversis
1107 1481 1295 1540 vauctoribus

225 1566 360 1627 subiecta
379 1569 450 1625 sunt
468 1566 610 1626 carmina
650 1565 682 1626 Is
705 1565 838 1642 quidem,
851 1567 915 1641 -qui
933 1566 1137 1644 Theogoniam
1155 1569 1297 1642 condidit,

223 1655 276 1714 ubi
298 1655 401 1716 Iovem
427 1656 459 1714 in
482 1653 574 1714 Creta
594 1657 700 1714 natum
723 1657 755 1714 et
776 1655 873 1714 altum
895 1655 999 1716 multis
1021 1656 1161 1717 versibus
1182 1662 1296 1732 narrat,

168 1779 172 1788 ·
223 1743 400 1804 educatores
414 1744 479 1802 eius
491 1743 635 1820 Dactylos
650 1744 769 1804 silentio
792 1744 1021 1821 praetermittit,
1044 1745 1130 1805 velut
1146 1747 1295 1822 ignotos“

224 1830 317 1892 Clam
332 1832 418 1891 Alex.
432 1831 467 1891 Τ.
480 1831 519 1889 Π.
534 1851 562 1906 p.
578 1834 619 1891 63
633 1831 724 1891 Dind.
737 1831 774 1892 V.
792 1832 1086 1893 Marckschcifel.
1105 1854 1134 1910 p.
1151 1838 1213 1895 171
1230 1854 1292 1912 seq.

313 1919 382 1978 VH.
413 1919 673 1997 Μελαμποδία,
696 1939 787 1997 quam
811 1920 941 1981 Hesiodo
964 1923 1104 1980 tribuunt
1126 1922 1238 1983 Athen.
1252 1924 1292 1984 Π.

223 2029 252 2086 p.
267 2011 319 2070 40.
342 2008 394 2070 ΧΙ.
416 2027 445 2083 p.
460 2010 534 2068 498.
556 2007 640 2069 XIII.
658 2028 687 2084 p.
703 2012 776 2071 609.
819 2008 912 2070 Clam
931 2010 980 2070 Ar
994 2009 1104 2070 Strom.
1118 2011 1171 2070 VI.
1184 2032 1215 2088 p.
1231 2014 1295 2073 266

225 2096 307 2174 Sylb.
327 2096 435 2157 Strabo
458 2096 538 2156 XIV.
556 2117 585 2172 p.
608 2099 670 2156 642
694 2097 734 2157 ad
755 2098 839 2158 idam
853 2117 949 2174 genus
968 2099 1208 2176 mythologicnm
1232 2119 1297 2176 epe

224 2189 323 2246 ctaesc
343 2185 472 2245 videtur.
507 2185 645 2246 Divisum
659 2190 726 2245 crat
743 2205 862 2246 carmen
875 2187 908 2246 in
920 2188 1025 2263 plures
1040 2187 1145 2263 libros,
1165 2207 1294 2265 quorum

226 2275 400 2352 fragmenta
426 2275 465 2333 ad
487 2278 625 2334 nostrum
646 2277 767 2350 tempus
797 2279 925 2348 servata,
949 2276 988 2335 ad
1010 2277 1063 2336 lus
1087 2281 1118 2337 et
1140 2277 1180 2338 ad
1195 2277 1291 2354 Miny-

224 2383 312 2424 arum
338 2363 456 2424 fabulas
485 2365 630 2440 spectant
677 2362 714 2422 V.
742 2362 940 2423 Marckscb.
969 2384 998 2439 p.
1024 2367 1086 2425 169
1102 2384 1164 2442 seq.
1190 2395 1230 2408 -
1254 2365 1293 2428 V.

223 2452 351 2530 Bergk
373 2453 394 2512 l.
417 2453 437 2512 i
460 2472 489 2528 p.
515 2454 600 2512 1007
627 2455 703 2524 not,
731 2453 784 2529 qui
809 2451 975 2512 Philodem.
1013 2450 1080 2531 ιιερί
1102 2448 1198 2534 edocti.
1221 2475 1250 2530 p.
1274 2443 1294 2516 5

223 2542 372 2604 laudavit:
403 2534 551 2620 Αἰσχύλος
573 2538 606 2600 ἐν
631 2572 670 2582 -
696 2537 844 2620 λέγεικαὶ
866 2533 958 2601 bade
980 2540 1122 2621 Αἰγίμιον
1144 2537 1280 2621 ποιήσας.

312 2630 396 2690 VIII.
432 2624 522 2706 Ἔπη
550 2651 702 2707 μαντικα
731 2633 813 2690 recte
838 2630 955 2690 monuit
984 2630 1297 2692 Marckscheife-

223 2719 303 2779 lius
331 2737 392 2778 non
421 2736 487 2778 esse
516 2717 654 2778 habenda
680 2718 712 2776 in
743 2718 842 2778 titulis
869 2718 1037 2778 carminum
1069 2718 1297 2792 Hesiodecrum‚

224 2826 293 2867 cum
313 2806 405 2868 verba
417 2806 586 2866 Pausaniae
604 2806 681 2865 nihil
698 2806 858 2867 videantur
877 2806 1060 2884 significare,
1079 2827 1169 2884 quam
1183 2809 1296 2868 multos

224 2915 291 2956 essa
319 2896 352 2954 in
378 2895 561 2955 carminibus
594 2895 751 2957 Hesiodcis
782 2895 961 2970 versiculos,
993 2896 1046 2972 qui
1077 2895 1115 2956 de
1146 2898 1297 2958 vaticiniis

223 2989 329 3063 agant3
353 2984 434 3052 idem
456 2987 558 3044 tamen
581 2984 738 3043 dicendum
762 2988 828 3044 erat
850 2985 887 3044 dc
910 2978 1082 3065 ἐξηγήσεσιν
1099 2982 1149 3044 tect
1171 2983 1296 3065 τέρασιν.
1425 3053 1426 3062 ¹

223 3073 406 3134 Monendum
429 3077 477 3134 est
503 3073 597 3146 enim,
627 3072 810 3134 Pausaniam
841 3073 1029 3134 Herodotum
1066 3077 1097 3133 et
1128 3074 1297 3135 Homerum

223 3162 393 3222 imitantem
420 3183 449 3222 τι
476 3162 655 3238 particulam
682 3155 756 3244 (nisi
780 3162 916 3238 praefers
944 3181 1012 3222 cum
1038 3163 1210 3224 novissimis
1234 3163 1295 3223 edi·

224 3252 341 3311 toribus
360 3250 587 3327 suppositiciam
601 3244 714 3331 dicere)
728 3251 863 3311 relativis
881 3250 926 3310 ita
939 3251 1111 3327 adiungere,
1135 3254 1171 3311 ut
1188 3253 1296 3312 horum

223 3340 286 3400 vim
308 3339 458 3415 intendat3
480 3331 594 3400 ὁιιύσα
615 3361 649 3400 τι
672 3342 744 3400 sunt
765 3339 861 3417 igitur
877 3357 1128 3417 quaecunque,
1150 3359 1249 3417 neque
1265 3361 1295 3400 τε

223 3428 300 3488 illud
322 3447 390 3488 cum
407 3427 460 3487 καί
476 3430 546 3488 ante
569 3419 720 3508 ἐξηγήσεις
738 3428 974 3504 componendum
993 3431 1047 3488 est
1084 3428 1180 3490 Totus
1202 3429 1296 3506 igitur

224 3519 306 3578 locus
329 3516 498 3578 Pausaniae
521 3518 565 3578 οἱα
591 3517 823 3595 intellegendus.
867 3517 941 3577 Post
968 3510 1024 3578 ὅσα
1051 3513 1100 3576 ἐπί
1127 3513 1224 3597 ἔργοις
1246 3514 1295 3576 καὶ

223 3598 346 3684 ἡμέραις
367 3607 453 3666 nulla
475 3607 605 3683 amplius
623 3606 782 3666 titulorum
800 3605 1017 3666 Hesiodeorum
1036 3605 1295 3682 commemoratio;
1336 3609 1340 3614 '
1423 3603 1424 3630 ¹

224 3695 325 3771 pergit
344 3695 513 3766 Pausanias
541 3696 581 3754 ad
608 3695 703 3756 vitam
726 3694 853 3756 Hesiodi
880 3695 1090 3771 enarrandam3
1117 3694 1179 3753 iam
1200 3695 1294 3772 igitur

225 3802 292 3843 cum
319 3783 445 3844 dixisset
477 3785 640 3844 secundum
672 3786 811 3843 suctores
844 3783 989 3860 quosdam
1017 3783 1183 3843 Hesiodum
1216 3783 1295 3859 apud

224 3871 399 3932 Acarnanas
428 3872 569 3934 didicisse
596 3872 811 3934 divinationem
840 3865 935 3952 (quod
960 3872 1133 3932 Acarnania
1158 3872 1229 3946 inde
1256 3871 1296 3931 ab
1422 3867 1423 3928 i

225 3958 408 4021 Alcmaeone
426 3961 596 4023 habebatur
608 3965 714 4022 vatum
731 3961 931 4035 feracissima,
949 3981 977 4022 v.
991 3960 1170 4021 Valckenar.
1185 3962 1223 4020 ad
1238 3960 1296 4020 He-

224 4051 322 4111 rodot.
347 4050 376 4124 I,
402 4053 458 4124 62,
487 4051 562 4126 VII,
586 4054 658 4112 221.
705 4049 849 4110 Clement
877 4050 964 4110 Alex.
992 4048 1101 4110 Strom.
1129 4050 1153 4108 Ι.
1176 4069 1204 4126 p.
1231 4051 1294 4109 245

225 4132 339 4220 sylb),
361 4142 468 4216 postca
490 4139 599 4201 adiecit
620 4158 709 4217 posse
732 4139 802 4199 huic
825 4139 992 4199 sententiae
1011 4157 1047 4198 ex
1069 4138 1144 4214 ipsis
1162 4135 1295 4198 Hesiodo

224 4228 385 4304 adscriptis
409 4228 591 4289 carminibus
618 4229 709 4289 fidem
732 4228 883 4304 quandam
910 4228 1026 4304 parari:
1058 4244 1295 4303 quaecunque

225 4311 394 4400 (ὃπύσατε)
419 4317 512 4377 enim
536 4321 572 4378 ct
593 4336 658 4378 nos
680 4317 755 4394 ipsi
777 4317 942 4393 legimus,
966 4317 1075 4392 plena
1098 4319 1182 4374 sunt
1204 4314 1296 4374 divi-
