2904 4900
199 316 202 320 ’
218 327 285 392 330
666 325 841 382 HESIODI

217 489 290 559 βίοιο
307 483 437 556 Ὥφειλες
452 487 555 541 δοῦναι
569 486 617 542 καὶ
632 483 679 541 ἷού
698 506 732 557 με
751 482 845 558 μήδεα
864 489 946 558 ίδμεν
964 487 1012 542 δν.
1032 478 1099 541 ύνθ.
1138 482 1195 538 Pro
1216 475 1293 534 ἕπτιύ

146 635 148 640 ,
217 571 244 646 μ’
263 577 370 630 Herm.
392 570 462 630 ἕπτύ
482 572 508 647 μ’
529 573 585 644 ἐπί,
605 576 659 630 nisi
677 593 727 632 sor.
746 577 858 631 videtur
877 571 948 630 ἕπτολ
967 571 993 630 δ’
1015 570 1152 641 έπιζύειν.

595 806 767 874 cmm.
798 808 902 895 (189.)

286 943 395 1000 Ibidem
421 947 506 1016 paulo
531 949 607 1017 posI:
633 947 698 1017 περὶ
721 945 753 1002 δὲ
778 948 827 1002 τού
849 944 918 1010 Διὸς
941 947 991 1001 καί
1011 941 1100 1016 Ἥρας
1117 941 1195 1015 παρὰ
1217 950 1288 999 Τει·

215 1034 311 1101 ρεσίον
332 1031 415 1089 ἕνεκα
434 1035 484 1104 τῆς
508 1037 641 1105 λαγνείας
664 1037 779 1106 κρίσεως
802 1035 851 1090 καλ
870 1031 888 1104 ἡ
908 1036 959 1104 τῆς
976 1035 1183 1105 Μελαμποδίας
1200 1035 1288 1100 ποίη·

214 1139 266 1192 αις,
285 1117 323 1185 ὡς
340 1119 398 1178 ύπδ
419 1124 470 1178 τοῦ
494 1124 650 1193 Τειρεσίου,
669 1125 769 1193 φησίν·

282 1254 358 1331 οίην
381 1246 443 1333 μὲν
469 1261 594 1335 μοῖραν
618 1250 697 1315 δέκα
720 1252 849 1336 μοιρῶν
872 1251 1024 1334 τέρπεται
1047 1244 1145 1333 ἀνὴρ,

278 1349 338 1431 τὰς
361 1355 440 1421 δέκα
466 1351 497 1418 δ’
524 1355 727 1440 ἐμπίμπλησι
750 1352 836 1440 γυνὴ
858 1357 1026 1443 τέρπουσα
1049 1351 1168 1439 νόημα.

165 1469 167 1472 ¹
211 1493 249 1546 Hi
268 1493 322 1547 duo
342 1510 438 1550 versus
456 1495 589 1564 leguntur
606 1495 693 1550 etiam
711 1496 786 1565 apud
801 1496 966 1566 Apollod.
985 1496 1033 1564 III,
1053 1501 1077 1562 6,
1097 1501 1112 1549 7
1138 1492 1197 1563 (qui
1215 1511 1241 1546 v.
1263 1499 1281 1546 2

210 1576 262 1643 τὰς
280 1578 312 1636 δὲ
333 1577 391 1635 δέκ’
413 1578 503 1651 ἐμπ.),
525 1581 576 1637 ubi
594 1583 757 1652 Heynius:
781 1583 984 1652 „manifestum
1001 1585 1034 1638 fit
1051 1582 1201 1653 legendum
1220 1597 1282 1636 esse

211 1665 298 1724 έννέα
318 1664 343 1723 δ
363 1665 441 1740 ἔμπα
459 1687 526 1724 nam
545 1688 560 1726 ο
580 1672 676 1726 decem
695 1671 823 1740 parIibus
842 1689 898 1726 una
916 1672 1044 1726 detracta
1063 1671 1212 1741 supersunh
1230 1687 1283 1724 no-

210 1760 300 1813 vem.“
339 1758 511 1814 Gaisford.
548 1759 665 1815 Minime
689 1777 786 1814 verum
809 1759 881 1815 vidit
903 1759 1036 1829 Heynius.
1076 1759 1140 1814 stat
1162 1759 1283 1828 antiqua

211 1847 303 1902 lectio.

592 1990 764 2058 CLXXIV.
792 1990 895 2078 (192.)

281 2129 477 2185 Athenaeus
501 2131 547 2185 XI.
570 2148 598 2200 p.
621 2136 674 2186 498
697 2133 734 2186 A:
754 2127 883 2194 Ἡσίοδος
905 2125 935 2184 δ’
961 2126 992 2186 έν
1015 2131 1053 2204 τῷ
1073 2130 1196 2201 δευτέρῳ
1215 2135 1277 2184 Με-

209 2219 368 2288 λαμποδίας
385 2214 439 2273 σύν
456 2221 495 2293 τῷ
514 2239 536 2273 π
554 2214 688 2288 σκύπφον
706 2218 793 2288 λέγει·
1128 2291 1132 2298 Ι

275 2349 293 2388 *
316 2346 362 2434 τῷ
387 2342 424 2410 δὲ
448 2341 571 2432 Μολρης
592 2341 677 2422 θοὸς
700 2342 840 2430 ἄγγελος
863 2337 949 2431 ἦλθε
972 2341 1013 2411 δι’
1041 2351 1146 2427 οίκου,

275 2447 404 2534 πλήσας
428 2447 462 2514 δ’
487 2448 655 2538 ἀργύρεον
679 2449 836 2536 σκύπφον
859 2453 958 2537 φέρε,
982 2453 1068 2518 δῶκε
1091 2446 1123 2515 δ’
1149 2446 1278 2515 ἄνακτι.

210 2570 259 2625 καλ
277 2565 376 2625 πάλιν

274 2678 330 2744 καὶ
353 2677 427 2746 τότε
451 2679 569 2765 μάντις
592 2679 655 2766 μὲν
680 2678 805 2767 δεσμὸν
827 2678 910 2766 βοὸς
933 2689 1052 2748 αίνντο
1075 2673 1202 2766 χερσίν,

134 2863 147 2882 ⁸
265 2781 418 2870 Ἴφικλος
441 2782 473 2850 δ’
498 2787 551 2853 ἐπὶ
574 2783 650 2854 νῶτ’
676 2789 860 2873 ἐπεμαίετο·
883 2790 929 2879 τῷ
954 2785 985 2852 δ’
1012 2784 1059 2854 ἔπ’
1086 2784 1231 2854 ὄπισθεν

275 2888 435 2976 σκύπφον
459 2895 544 2977 ἔχων
569 2892 674 2980 ἑτέρῃ,
699 2892 793 2980 ἑτέρῃ
817 2891 854 2960 δὲ
878 2895 1047 2980 σκῆπτρον
1071 2889 1195 2977 ἀείρας,

275 3000 420 3082 ἔστειχεν
447 2995 601 3076 Φύλακος
623 2998 679 3065 καὶ
702 2998 753 3064 ένὶ
777 2997 946 3085 δμώεσσιν
970 3003 1087 3067 ἔειπεν.

205 3135 241 3190 V.
259 3142 275 3191 3
296 3131 363 3208 βοὸς
388 3137 521 3192 eorrectio
544 3140 588 3193 οελ
610 3139 868 3195 Hemsterhusii
891 3140 927 3194 ad
952 3140 1071 3210 Ηοεγολι
1097 3158 1124 3195 v.
1145 3134 1275 3208 ἐπιμαίε-

206 3227 290 3292 σθαι,
310 3223 372 3279 edd.
392 3225 465 3295 βιοῦ,
484 3226 544 3282 eod.
563 3226 632 3283 Ven.
652 3223 720 3296 βιός.
754 3228 787 3282 V.
806 3227 857 3283 ult.
874 3227 961 3282 Oodd.
983 3227 1121 3283 dederunt
1139 3223 1273 3296 ἔστειχεν,

205 3312 267 3367 edd.
288 3309 418 3368 ἔστειλεν.
455 3313 585 3368 Ruhnk.
624 3311 765 3384 [Alterum
790 3332 900 3370 versum
923 3316 993 3371 αἰλολ
1014 3315 1142 3371 Εαολελλι.
1162 3332 1188 3384 p.
1209 3319 1272 3381 900,

207 3406 247 3454 17.
270 3406 347 3468 1776,
368 3407 408 3455 17.
428 3403 549 3474 Herm]

595 3615 749 3683 cmv.
778 3617 881 3703 (ιιι)

274 3756 398 3810 Athen.
418 3756 492 3811 XIII.
511 3774 538 3826 p.
559 3761 624 3811 609:
646 3751 776 3819 Ἡσίοδος
798 3752 823 3810 δ’
844 3751 876 3811 έν
893 3758 977 3829 τρίτῳ
996 3755 1201 3826 Μελαμποδίας
1220 3751 1274 3824 τὴν

125 3841 126 3844 ’
204 3839 238 3897 έν
257 3837 368 3917 Εὐβοίᾳ
382 3845 510 3898 Χαλκίδα
529 3838 732 3913 καλλιγύναικα
748 3842 835 3902 εἶπεν.
872 3844 1273 3913 Eustath.11.p.875,52.

586 4057 759 4126 οιιαιια.
788 4058 891 4147 (195.)

275 4195 399 4251 Strabo
418 4195 492 4254 XIV.
516 4216 543 4268 p.
567 4204 633 4254 6⁷6:
652 4195 781 4263 Ἡσίοδος
804 4196 829 4254 δ’
855 4195 887 4255 ἐν
906 4196 1007 4262 Σόλοις
1029 4194 1086 4254 ὑπὸ
1104 4189 1276 4257 Ἀπόλλωνος

201 4279 397 4355 ἀναιρεθῆναι
414 4281 466 4339 τὸν
482 4281 648 4357 Ἀμφίλογόν
666 4307 744 4357 φησι.
