2904 4900
658 304 836 360 HESIODI

603 518 758 585 (iLXXX.
786 517 889 605 (211.)

281 643 382 697 Plato
401 643 470 711 Rep.
485 641 533 695 III.
552 659 579 710 p.
594 647 655 696 390.
674 641 709 694 H.
730 639 783 696 St:
804 634 866 694 οὔδ’
886 634 989 713 ᾇστίον
1008 632 1120 700 αὐτοῖς·

246 774 248 779 ·
279 752 373 837 δάροι
396 745 500 826 θεοὺς
521 752 644 832 πείθει,
668 743 746 833 δῶρ’
773 749 927 824 αἰδοίους
948 748 1120 830 βασιλῆας.

211 873 333 926 Suidas
351 891 378 927 v.
398 872 476 939 δῶρα
495 891 520 925 κ.
539 890 562 924 τ.
581 874 605 924 ί..
638 865 797 924 Ἡσιόδειον
821 870 930 924 οίοντοιι
949 863 1000 924 τὸν
1019 869 1120 938 στίχον.
1157 867 1286 922 Macer.

211 977 256 1030 ep.
275 961 372 1014 Arsen.
391 957 496 1013 walzii
519 976 546 1028 p.
567 965 629 1013 186:
657 958 736 1027 δῶρα
760 957 809 1011 καί
827 953 917 1020 θεοὺς
939 957 1038 1012 πείθει
1053 951 1186 1010 Ἡσιόδου
1204 951 1291 1008 εἷναί

211 1066 290 1117 φασι.
327 1048 360 1103 v.
380 1046 496 1102 nimo.
516 1047 554 1101 so
571 1046 667 1116 susp.
685 1045 759 1100 nes.
780 1052 841 1100 οτι.

661 1206 832 1274 CLXXXI.

283 1330 420 1399 Gregor.
440 1330 474 1384 de
493 1328 566 1383 Diol.
586 1330 643 1384 Ion.
663 1347 690 1399 p.
710 1335 771 1383 425.
792 1328 901 1383 Soheef.
934 1404 937 1408 Ι

279 1433 456 1523 ἀρκεῖσθαι
479 1433 553 1523 παρ’
580 1437 659 1520 ἑοῖς,
681 1439 749 1503 τῶν
773 1432 805 1501 δ’
830 1432 1021 1521 ἀλλοτρίων
1044 1431 1236 1520 ἀντέχεσθαι.

213 1555 278 1614 ἀντὶ
300 1560 351 1614 τοῦ
378 1553 467 1628 άρκοῦ
492 1559 542 1613 καὶ
566 1553 683 1629 ἀπέχον,
720 1559 770 1613 καὶ
795 1554 880 1629 μόρια
905 1554 975 1612 ἄλλοι
1000 1558 1120 1612 τοιαῦτα
1142 1555 1191 1611 καὶ
1208 1549 1284 1623 παρ’

209 1643 319 1726 Ὁμήρῳ
348 1650 393 1717 (ex
420 1648 542 1702 Homero
569 1647 691 1716 petitum
719 1647 781 1701 erat
804 1647 925 1702 alterum
948 1647 1118 1716 exemplum)
1141 1644 1190 1698 καὶ
1212 1637 1283 1711 παρ’

209 1730 330 1808 Ἡσιόδῳ
350 1730 516 1804 εὑρήσομεν.

653 1910 842 1978 CLXXXII.

285 2033 406 2089 Cicero
425 2033 511 2088 Attio.
530 2033 597 2102 VII,
617 2039 663 2088 18:
689 2034 750 2103 Ego
770 2035 879 2103 sutem,
899 2033 953 2088 etsi
970 2032 1042 2086 illud
1059 2025 1287 2101 ψευδησιόδειον

214 2123 308 2176 —its
328 2121 402 2176 enim
419 2123 537 2190 putetur
555 2155 589 2162 —
610 2123 739 2191 observo,
759 2118 830 2192 μηδὲ
852 2122 947 2190 δίκην,
973 2120 1135 2190 pmeseitim
1155 2120 1186 2174 in
1203 2122 1246 2188 te,
1265 2136 1288 2174 s

214 2227 271 2279 quo
289 2210 361 2264 nihil
374 2226 498 2280 unquam
511 2209 572 2265 vidi
585 2212 691 2266 temere
709 2209 779 2279 fieri,
798 2212 895 2265 temen
912 2209 988 2264 illins
1006 2209 1122 2277 querele
1139 2209 1283 2273 movebor.

284 2299 457 2354 Plutarch.
478 2299 513 2354 de
531 2299 617 2355 Stoic.
635 2316 752 2370 repugn.
772 2305 797 2353 8.
823 2297 865 2367 (T.
885 2297 958 2352 XIII.
973 2316 1001 2367 p.
1016 2303 1067 2352 342
1088 2297 1190 2366 Hutt.)=
1211 2291 1286 2364 πρὸς

213 2385 263 2443 τὸν
283 2383 413 2443 εἰπόντα·

258 2493 343 2580 μηδὲ
362 2497 460 2580 δίκην
481 2493 629 2582 δικάσῃς,
647 2494 729 2582 πρὶν
748 2489 791 2560 ἀν
810 2491 939 2580 ἀμφοῖν
959 2497 1074 2580 μῦθον
1092 2490 1250 2580 ἀκούσῃς,

213 2612 365 2686 ἀντέλεγεν
384 2613 399 2671 ό
419 2614 519 2686 Ζήνων
538 2613 596 2674 κτὲ.

284 2724 368 2794 Apud
394 2723 504 2778 Sohol.
532 2724 597 2778 Eur.
623 2723 709 2792 Hipp.
738 2729 789 2778 263
822 2720 893 2792 μηδὲ
921 2724 1005 2776 δίκον
1035 2718 1154 2794 δικάσῃς
1180 2722 1285 2776 dieitur

213 2811 318 2866 Pitthei
336 2813 515 2882 proverbium
533 2814 607 2867 teste
626 2813 828 2881 Theophrasto.

284 2901 324 2955 Of.
345 2900 481 2956 Lucien.
502 2900 537 2955 de
556 2900 675 2955 oslnmn.
699 2917 756 2954 non
778 2902 844 2954 tem.
870 2900 943 2955 cred.
971 2905 988 2954 8
1016 2897 1128 2967 alioque
1155 2897 1282 2984 testimo-

213 2991 269 3059 nio,
289 3005 361 3059 quse
376 2989 516 3059 congessit
530 2988 788 3044 Schneidewini
806 2988 966 3059 diligentis:
986 2989 1021 3042 de
1040 2987 1160 3054 Pittheo
1173 2986 1284 3041 Troetz.

213 3080 362 3133 comment.
390 3096 417 3147 p.
447 3085 471 3134 7.
509 3078 562 3132 Hie
590 3081 684 3162 entem
712 3079 779 3149 πρὶν
806 3073 894 3148 ἄμφω
920 3081 1016 3133 veram
1043 3076 1192 3131 lectionem
1221 3093 1285 3130 esse

215 3166 323 3221 statuit.

578 3310 783 3376 onxxxm.
812 3309 916 3396 (τοι.)

286 3429 449 3495 Quinctil.
473 3433 541 3487 Inst.
565 3433 592 3502 Ι,
612 3440 640 3487 1:
665 3431 784 3497 Quidem
807 3431 898 3486 literis
924 3430 1110 3486 instituendos
1128 3431 1177 3500 qui
1194 3430 1285 3486 mino·

213 3535 257 3573 res
277 3520 386 3589 septem
403 3519 483 3575 annis
501 3522 595 3575 essent
617 3537 673 3576 non
691 3522 876 3590 putaverunt,
901 3519 976 3588 quod
994 3519 1045 3574 illa
1062 3519 1185 3588 primum
1203 3521 1285 3574 netes

213 3611 243 3663 et
266 3608 442 3664 intellectum
466 3608 679 3679 disciplinarum
704 3625 804 3678 capere
832 3611 862 3664 et
883 3608 1009 3662 laborem
1030 3608 1093 3678 poti
1110 3610 1213 3678 posset.
1250 3608 1285 3662 In

214 3713 271 3766 quo
289 3697 430 3752 sententis
447 3696 602 3752 Hesiodum
621 3713 681 3751 esse
699 3696 814 3766 plurimi
832 3695 1021 3764 tradiderunt,
1040 3696 1089 3764 qui
1106 3697 1173 3750 onte
1191 3713 1285 3764 gram-

212 3785 348 3839 metioum
371 3785 589 3858 Aristophanem
611 3784 732 3840 fuerunt.
776 3785 849 3840 Nom
874 3784 899 3839 is
922 3785 1044 3854 primum
1059 3779 1235 3854 ’Τττοδήκοιῃ
1254 3785 1285 3838 in

212 3889 268 3940 quo
287 3872 359 3927 lihro
378 3873 514 3943 seriptum
532 3875 587 3928 hoo
605 3873 755 3942 invenitur,
774 3873 891 3943 negavit
908 3890 968 3928 esse
987 3873 1070 3928 huius
1088 3874 1198 3941 poetae.

578 4069 780 4136 onxxnv.
813 4067 917 4157 (τοι.)

209 4207 211 4213 ’
283 4189 418 4244 Beohm.
437 4191 542 4246 Aneod.
564 4190 610 4247 Gr.
629 4192 664 4246 H.
682 4210 710 4262 p.
730 4197 796 4247 385:
821 4186 942 4259 ἀκεστὴς
960 4191 1090 4260 λέγουσιν
1111 4185 1141 4246 σί
1155 4192 1286 4260 παλαιοί,

213 4269 266 4330 osis
294 4272 419 4348 ἠτιῃτής,
447 4274 624 4348 ἡτιήσοισδιιι.
667 4278 725 4334 ἔστι
751 4278 804 4350 μὲν
832 4273 909 4345 άτιοιξ
935 4275 999 4348 παρ’
1027 4273 1221 4349 Ἀριστοφάνει
1251 4275 1286 4334 ἒν
