2938 4892
575 317 846 374 FRAGMENTA.
1180 317 1247 384 293

176 475 256 530 nasei
270 475 350 532 dixIt.
378 475 605 548 0000010000οι
624 477 816 548 Asphodelum
831 477 866 532 sb
880 477 1003 533 Hesiodo
1018 477 1133 546 quidam
1146 474 1247 549 ἄλιμον

176 565 319 635 appellari
333 566 538 635 existimavere,
552 567 626 636 quod
640 567 742 622 falsum
756 567 886 622 arbItror.
918 566 971 623 Est
984 566 1059 622 enim
1073 584 1122 623 suo
1135 567 1248 622 nomine

176 653 284 711 ulimon
302 671 358 710 non
376 656 457 725 parvi
474 658 505 711 et
522 655 615 726 ipsum
633 655 734 712 erroris
752 657 825 712 Inter
843 657 980 711 00000000.
1019 654 1060 712 cf:
1079 656 1248 726 Theophr.
1348 731 1350 736 Ι

176 743 213 798 u.
231 743 273 800 Pl.
292 743 339 813 rv,
359 749 402 800 ιι.

604 835 690 902 xlx.
714 832 818 922 (202.)

249 957 338 1014 Plin.
361 959 396 1016 H.
416 958 450 1014 N.
470 958 548 1028 XXI,
567 965 615 1015 20:
651 957 731 1014 Polio
754 955 885 1013 Musaeus
909 958 939 1013 et
965 956 1103 1012 Hesiodus
1129 956 1248 1028 perungi

175 1045 276 1102 iubent
293 1045 463 1118 dignationis
481 1047 644 1118 gloriaeque
658 1047 770 1103 avidos:
788 1047 896 1118 polium
908 1045 1039 1114 tractari,
1058 1045 1121 1113 ooli,
1139 1045 1247 1116 polium

175 1137 275 1190 eontra
292 1137 434 1206 serpentes
453 1135 602 1205 substerni,
621 1135 665 1192 uri
682 1136 729 1191 vel
746 1135 867 1207 portari:
886 1135 917 1190 in
934 1134 999 1190 vino
1015 1134 1133 1204 decoqui
1150 1151 1246 1190 reeens

174 1224 223 1278 vel
241 1224 350 1280 aridum
368 1225 505 1294 illinique.
543 1223 584 1281 cf.
599 1224 672 1293 XXI,
688 1231 718 1281 ⁷:
742 1224 820 1282 Siout
837 1224 913 1295 apud
931 1223 1053 1278 Graecos
1070 1223 1166 1294 polion
1183 1223 1246 1279 her·

174 1311 251 1383 bam,
269 1313 397 1369 insiliam
415 1313 523 1370 ldusaei
542 1315 572 1368 et
588 1312 706 1370 Hesiodi
723 1314 862 1383 leudibus,
881 1313 917 1367 ed
936 1311 1033 1367 omnio.
1051 1311 1149 1368 utilem
1166 1318 1246 1382 pree·

175 1400 331 1456 dicentium
350 1419 488 1473 superque
503 1405 596 1458 oetera
615 1403 652 1457 sd
669 1402 776 1458 fornum
789 1401 875 1458 etiam
890 1417 923 1457 00
941 1399 1105 1471 dignitates,
1122 1418 1247 1471 prorsus·

175 1507 231 1560 que
248 1490 358 1563 miram,
377 1491 401 1546 si
418 1492 502 1547 modo
521 1493 564 1560 (00
581 1491 707 1560 0000000)
726 1489 796 1547 folia
809 1490 868 1546 eius
887 1507 970 1545 mane
985 1490 1111 1559 eaudids,
1129 1489 1246 1545 meridie

173 1597 329 1652 purpureo,
357 1579 416 1635 sole
444 1579 589 1635 oooidente
612 1579 742 1643 caerulea
769 1578 969 1650 adspiciuntur.
1012 1578 1053 1635 cf.
1079 1579 1244 1650 Theophr.

173 1669 249 1726 Hist.
266 1669 359 1725 Plsnt
377 1667 425 1738 IX,
444 1674 486 1724 23.
523 1667 670 1724 Lobeok.
689 1668 828 1741 Aglaoph.
847 1686 873 1740 p.
894 1674 955 1725 309.

935 1778 937 1808 Ι

528 1803 531 1818 ’
606 1829 677 1897 xx.
705 1829 808 1920 (203.)

246 1955 331 2012 Plin.
355 1955 390 2010 H.
414 1955 448 2012 N.
468 1954 559 2024 XXV,
578 1960 607 2009 2:
645 1955 774 2010 Musaeus
797 1957 827 2011 et
848 1954 986 2010 Hesiodus
1008 1954 1106 2025 polion
1127 1954 1245 2010 herbam

172 2044 205 2098 in
223 2046 360 2114 quantum
377 2043 473 2100 mirati
496 2045 569 2112 sunt,
587 2043 717 2100 diximus.
750 2043 880 2115 Orpheus
894 2047 924 2100 et
936 2043 1075 2100 Hesiodus
1089 2043 1244 2100 suffitiones

174 2134 416 2188 commendavere.
458 2131 511 2203 [Ol.
535 2133 705 2203 Theophr.
724 2133 758 2188 H.
777 2134 808 2188 P.
827 2134 879 2202 IX,
899 2139 947 2203 19,
966 2140 995 2188 2:
1033 2127 1072 2195 ὥς
1094 2130 1130 2201 δή
1155 2149 1244 2201 φασιν

172 2216 206 2275 τὸ
225 2216 369 2290 τριπόλιοο
392 2215 464 2276 καθ’
485 2216 616 2276 Ἡσίοδον
639 2221 688 2275 καὶ
706 2225 857 2277 Μουσαῖον
880 2220 922 2284 εἰς
943 2222 1002 2276 πᾶν
1024 2222 1141 2290 πρᾶγμα
1160 2239 1244 2276 oneo·

172 2311 259 2364 δαῖον
282 2304 363 2364 εἶναι.
398 2309 524 2364 Videtur
545 2309 683 2365 Hesiodus
710 2307 876 2378 τριπέτηλον
903 2309 1012 2364 0000000.
1055 2309 1100 2363 Sio
1124 2307 1244 2365 90000-

171 2397 305 2468 lingius
323 2397 355 2451 iu
373 2397 461 2468 spioil.
480 2398 529 2454 010.
547 2398 582 2454 fr.
601 2399 681 2470 Hes]

562 2567 565 2574 ·
598 2560 685 2628 xxi.
713 2558 816 2647 (204.)

244 2681 330 2739 Plin.
348 2681 383 2736 H.
401 2682 437 2737 N.
455 2682 560 2752 XXHI,
581 2687 609 2737 1:
650 2681 769 2738 Menaeis
795 2681 956 2753 potIonibus
983 2699 1035 2753 per
1057 2680 1160 2753 vIgInti
1181 2682 1242 2740 dies

171 2773 240 2828 0000
259 2769 342 2828 Oanis
360 2774 466 2842 ortum,
483 2771 604 2828 totidem
622 2775 722 2844 postea
740 2771 841 2828 suadet
857 2771 996 2828 Hesiodus
1014 2771 1066 2828 uti

653 2934 756 3000 XXII.

245 3055 332 3112 PIIn.
350 3057 385 3113 H.
405 3057 440 3114 N.
458 3057 533 3127 XVI,
552 3062 582 3112 8:
613 3057 726 3113 Robora
748 3057 842 3112 ferunt
861 3058 890 3112 et
912 3055 1020 3112 viseum
1041 3059 1071 3112 et
1091 3056 1191 3127 mello,
1209 3059 1243 3112 ut

171 3147 272 3200 suntor
304 3148 334 3201 et
364 3143 512 3202 Hesiodus.
545 3177 580 3187 —-
611 3146 690 3203 Haeo
721 3163 882 3217 quanquam
913 3147 950 3201 ad
982 3145 1064 3216 Oper.
1092 3151 1145 3203 233
1177 3149 1240 3204 ooll.

172 3233 340 3305 Theophr.
359 3235 393 3291 H.
413 3235 442 3290 P.
461 3234 510 3303 III,
530 3243 546 3291 6
569 3235 709 3306 pertinere
727 3236 816 3292 videri
833 3236 956 3307 possint,
974 3238 1070 3291 temen
1090 3252 1124 3291 ex
1142 3237 1241 3292 eodem

171 3321 257 3380 Plin.
276 3323 311 3379 H.
330 3322 365 3378 N.
383 3324 457 3393 XVI,
476 3329 512 3378 44
533 3324 681 3394 probabile
699 3325 732 3380 lit
755 3325 827 3382 alius
848 3341 909 3382 esse
927 3325 1065 3382 carminis.
1101 3326 1146 3381 Ita
1164 3327 1240 3380 enim

171 3410 323 3466 Plinius:
343 3412 588 3483 „copiosissimum
607 3414 735 3485 (viseum)
757 3415 788 3470 in
807 3430 924 3485 querou,
948 3414 1023 3485 quod
1041 3411 1128 3485 00000
1145 3408 1240 3485 ὅφεοιρ

170 3501 301 3569 vocant,“
320 3502 349 3556 et
365 3501 452 3570 paulo
469 3501 556 3558 mire:
575 3496 688 3573 „ipseo
703 3503 740 3558 sd
757 3502 913 3575 saginanda
926 3519 1029 3573 peoora
1042 3503 1167 3559 utilius.“
1199 3503 1240 3560 ef.

174 3588 344 3659 Theophr.
363 3589 397 3646 Η.
416 3591 447 3646 Ρ.
466 3591 519 3662 ΙΠ,
538 3597 581 3649 10.

644 3735 763 3803 ΧΧΠΙ.

243 3854 386 3912 Proelus
399 3857 437 3912 ad
450 3857 514 3914 Hes.
528 3857 581 3930 Op.
596 3864 661 3915 126:
680 3855 712 3914 τὸ
731 3855 763 3914 ‹l’
778 3853 918 3930 ἆγρύρεοο
934 3856 1005 3915 ἔνιοι
1017 3859 1051 3932 τῇ
1066 3857 1101 3930 γῇ
1115 3853 1239 3915 ἀκούου-

172 3960 230 4014 σιν,
255 3937 299 3999 ὅτι
319 3940 351 4000 ἐν
371 3951 430 4008 τοῖς
452 3943 583 4017 μεγάλοις
602 3945 694 4019 ἔργοις
712 3943 744 4002 τὸ
764 3942 900 4018 ἀργύριον
917 3948 967 4017 τῆς
986 3949 1045 4017 Γῆς
1067 3951 1238 4020 γενεαλογεῖ.

642 4107 762 4176 XXIV.

243 4227 328 4284 PIIn.
348 4229 382 4284 H.
402 4229 438 4284 N.
452 4227 539 4300 XXII,
553 4235 600 4286 22:
619 4231 758 4288 Venerem
776 4233 921 4291 stimulare
937 4233 969 4288 in
986 4233 1051 4288 rino
1071 4233 1238 4304 [soolymon]

170 4315 296 4372 Hesiodo
314 4317 344 4372 et
362 4316 467 4374 Alcaeo
484 4316 611 4375 testibus.
648 4320 682 4378 V.
700 4322 737 4377 ad
756 4322 838 4393 Oper.
855 4326 917 4378 082.
