2948 4896
599 318 795 372 ΘΕΟΓΟΝΙΑ.
1184 317 1226 384 65

166 472 279 544 οὕνεκ’
305 475 425 559 ἐρίζετο
449 470 573 558 βουλὰς
594 469 772 560 ὑπερμενέϊ
793 477 974 562 Κρονίωνι.

167 578 308 668 καὶγὰρ
332 576 381 648 ὅτ’
407 580 579 666 ἐκρίνοντο
601 579 678 647 θεοὶ
700 584 826 664 θνητοί
844 577 872 646 τ’
898 577 1076 668 ἄνθρωποι
1174 597 1226 649 535

238 757 272 816 V.
292 762 352 812 535.
385 755 541 812 Scholiasta
553 755 637 812 Basil.
656 755 758 826 legisse
776 755 888 812 videtur
904 756 971 812 θεοὶ
984 760 1095 828 θνητοί,
1113 753 1227 828 dedoc-

168 849 225 884 ιιοι.
258 830 332 883 Nem
350 827 399 898 qui
417 827 458 883 its
475 827 550 882 hunc
567 843 678 883 versum
695 825 906 896 interpretetur:
925 823 1032 896 θνητὸς
1049 825 1103 898 γὰρ
1121 825 1192 892 θεὸς
1210 825 1225 883 ὁ

167 897 336 985 dodonaeo,
361 915 424 954 sum
446 898 518 981 illud
539 917 569 954 τε
592 899 657 969 post
679 900 784 980 θνητοί
804 915 860 953 non
881 899 982 970 legisse
1005 903 1130 982 opponet.
1153 899 1228 984 ,Sed

167 969 1011 1122 tltlttffltttlttltt„tltsstttttzt
1025 971 1227 1126 illidii&

168 1110 218 1167 τὸν
230 1108 363 1182 πόλεμον.
394 1111 497 1167 'Potum
513 1111 639 1167 schohon
654 1111 815 1166 mutiletnm
833 1111 987 1181 Bymntino
1004 1113 1112 1168 auctori
1129 1114 1229 1169 tnbuit

168 1183 284 1239 Plsch.
303 1182 394 1238 Schol
413 1200 441 1252 p.
460 1188 521 1238 262.
557 1181 680 1250 Erravit,
698 1183 731 1236 ut
748 1183 870 1252 saepius,
888 1182 1029 1240 lduetnell.
1048 1202 1075 1254 p.
1094 1189 1161 1252 495,
1179 1204 1199 1254 q
1219 1184 1226 1198 ‘

167 1254 344 1380 indellocpm
356 1253 546 1310 Promethium
563 1253 752 1309 continentem
765 1255 919 1310 recentiore
933 1255 1026 1310 oetete
1044 1255 1151 1310 laesum
1169 1273 1228 1311 esee

166 1343 236 1382 conc
247 1342 312 1381 usn.

169 1485 275 1555 Theog.
291 1491 349 1541 199.
380 1479 672 1554 Konooysoclchymn.
726 1479 804 1539 κοών
826 1479 906 1546 πόλις
929 1481 1157 1554 Πελοποννήσου.
1196 1481 1232 1540 Ἡ

171 1556 253 1611 Hom.
272 1555 306 1624 V,
326 1563 349 1612 1.
727 1551 756 1610 δ’
776 1551 849 1625 αὕτη
874 1550 981 1624 ἐκλήθη
1005 1555 1054 1610 καί
1071 1551 1181 1626 Μήκων
1199 1558 1228 1626 (l.

206 1628 240 1682 V.
260 1632 320 1681 534.
345 1622 484 1700 βουλὰς]
508 1626 620 1696 Vereor,
638 1643 672 1682 ne
726 1622 865 1696 Μηκῶνη)
892 1627 954 1682 coll.
979 1627 1136 1684 strubon.
1154 1628 1228 1685 VIII.

171 1699 277 1770 βοῦλις
299 1697 521 1768 pronuntiaverit
538 1697 674 1753 Hesiodus
726 1716 754 1768 p.
773 1703 834 1753 382.
864 1713 882 1751 u
909 1696 1015 1753 Olonico
1038 1698 1153 1754 lundeto
1180 1701 1230 1755 καί

170 1770 207 1824 od
220 1771 343 1824 mentem
356 1769 487 1824 Aeolicue
501 1767 627 1836 dialecti3
646 1787 685 1834 u.¹
729 1771 869 1839 Τείχινία.
915 1769 956 1823 De
981 1769 1161 1824 Telchinibus
1187 1771 1230 1826 ito

171 1838 672 1910 Koen.odGre.Oor.dediol.p.
727 1839 863 1895 Diodor.
882 1839 921 1910 V,
940 1846 987 1894 55:
1029 1834 1228 1912 ἀγάλματάτε

172 1918 232 1967 191.
252 1910 360 1968 Schoel.
415 1928 460 1966 sm
480 1910 505 1966 si
522 1911 614 1966 brevis
632 1913 675 1966 est
726 1912 806 1967 dedo
828 1910 934 1982 πρῶτον
957 1907 1168 1966 κατασκευάσαι
1185 1912 1228 1968 ls'-

170 1983 388 2053 nltimuprimse
401 1981 605 2051 declinationis,
618 1998 675 2038 non
727 1999 833 2052 γονται.
873 1982 1055 2038 Prometheus
1079 1982 1167 2054 igitur
1189 2000 1229 2039 se-

170 2053 238 2109 licet
252 2055 368 2108 occentu
381 2053 481 2110 notoni.
505 2052 674 2124 Anmogtam
728 2053 850 2109 cundum
867 2053 939 2109 hunc
955 2054 1082 2109 subulam
1094 2053 1229 2124 Pelopon-

171 2125 289 2196 praebet
297 2127 348 2195 ρίᾶ
357 2125 431 2196 μιᾶς,
445 2121 531 2194 dyest
539 2124 569 2179 et
577 2119 673 2192 ἆγοιᾶ.
727 2125 866 2180 nesiocem
875 2125 900 2180 is
914 2124 976 2194 fnit,
1007 2125 1037 2179 ui
1046 2126 1231 2195 Peloponnesi

170 2197 204 2250 V.
248 2193 472 2251 Choerobosc.
516 2194 546 2250 in
586 2195 673 2250 Bekk.
727 2196 834 2250 incolas
869 2197 984 2251 deorum
1022 2195 1230 2267 Olympicomm

171 2267 274 2322 dneod.
294 2285 320 2336 p.
341 2272 418 2322 1212.
454 2265 488 2321 V.
508 2266 545 2321 ud
562 2285 589 2322 v.
609 2272 651 2321 60.
728 2266 834 2321 cultum
854 2269 882 2322 et
899 2266 1034 2322 sacrificis
1051 2267 1163 2322 doceret
1180 2268 1229 2334 ite,

206 2338 240 2393 V.
260 2343 320 2394 535.
347 2331 395 2392 ὅτ’
416 2332 595 2408 ἐκρίνοντο
632 2336 673 2392 cf.
727 2339 760 2392 ut
782 2337 999 2406 antiquos'deos
1021 2336 1167 2407 indigenas
1184 2340 1230 2394 vel

172 2409 266 2466 adnot.
295 2408 330 2464 sd
354 2407 406 2478 Op.
432 2413 555 2463 47-52,
597 2337 674 2464 llaec
728 2408 887 2463 desererent
895 2407 942 2464 vel
950 2407 1229 2478 novisediungerent.

171 2480 268 2534 fabule
285 2479 483 2550 Peloponnesi,
506 2482 539 2535 ut
555 2479 674 2549 videtur,
728 2481 820 2548 Atque
842 2480 895 2534 hoc
918 2495 977 2534 sese
1001 2478 1099 2534 fecisse
1116 2479 1230 2535 Prome·

172 2550 285 2621 proprio
302 2553 358 2618 est,
380 2551 559 2633 pertinetque
582 2550 619 2605 od
641 2566 675 2605 eo
727 2550 809 2605 theus
832 2549 969 2620 glorietur
991 2547 1085 2604 etism-
1100 2566 1145 2620 op.
1166 2551 1231 2605 de-

171 2623 312 2692 temporu,
359 2621 440 2676 uibus
467 2621 675 2692 Olympicomm
729 2620 835 2689 schyl.
854 2622 945 2676 Prom.
961 2625 1021 2675 204.
1058 2620 1099 2676 De
1114 2621 1230 2677 Mecone

170 2692 287 2746 deorum
315 2710 330 2747 c
360 2694 407 2746 tus
434 2692 471 2747 od
492 2691 675 2763 Peloponnesi
729 2692 762 2746 cf.
777 2694 923 2762 praetereo
936 2691 1045 2748 Schol.
1059 2691 1229 2750 PindNem.

173 2763 279 2819 incolae
301 2762 438 2833 pervenit.
478 2763 550 2818 Hinc
573 2763 676 2818 dicitur
728 2764 780 2830 IX,
800 2769 863 2817 123:
901 2761 1011 2825 οἰκείως
1029 2759 1061 2818 δὲ
1080 2758 1161 2832 ἱερὰν
1178 2759 1231 2850 τὴν

170 2828 217 2889 ὅτ’
247 2828 391 2903 ἐκρίνοντο
422 2834 489 2889 θεοί
514 2835 624 2903 θνητοί
646 2829 674 2889 τ’
728 2834 863 2889 Σικυῶνα
880 2831 1115 2903 προςηγόρενοεν·
1138 2829 1156 2903 ἡ
1176 2855 1230 2922 γαρ

170 2901 322 2972 ἅνθρωποι
331 2906 348 2960 i.
358 2922 382 2961 ο.
392 2905 594 2961 contenderunt
602 2905 676 2961 inter
728 2899 856 2974 Μηκοὶνη
880 2899 928 2960 ἐπ’
953 2898 1042 2973 αὐτῆς
1064 2899 1153 2976 ἐστιν,
1178 2901 1215 2992 ἐφ

171 2993 202 3031 ee
212 2975 253 3030 dii
263 2977 291 3030 et
303 2977 430 3032 homines
443 2977 489 3031 vel
505 2977 568 3047 „die
577 2975 676 3032 doun
728 2969 763 3044 ἧς
773 2973 802 3031 οἱ
813 2975 880 3031 θεοὶ
893 2971 1062 3030 διεδάσαντο
1076 2971 1127 3039 τὰς
1135 2992 1230 3048 τινας·

173 3047 230 3101 und
246 3047 396 3102 Menschen
413 3049 519 3102 setnten
537 3047 597 3103 sich
615 3065 675 3103 eus·
725 3043 864 3109 Ἡσίοδος·
883 3045 932 3100 καί
950 3041 1003 3116 γὰρ
1022 3041 1066 3102 ὅτ’
1087 3042 1230 3116 ἐκρίνοντο

173 3117 326 3174 einander“
354 3121 389 3188 (v.
418 3118 544 3174 Schoem.
567 3137 594 3189 p.
614 3123 674 3174 208.
729 3118 796 3172 θεοί
817 3118 923 3186 θνητοί
942 3117 969 3171 τ’
995 3113 1145 3188 ἅνθρωποι
1171 3123 1230 3188 Μη-

173 3189 209 3244 ud
227 3188 356 3258 Aeschyl.
369 3188 460 3245 Prom.
475 3207 502 3259 p.
519 3193 594 3261 113),
613 3206 675 3260 per·
727 3183 786 3243 κῶν
812 3232 819 3255 ,
844 3188 895 3244 καὶ
916 3190 1094 3259 Καλλίμαχος
1121 3189 1229 3260 (fragm.

173 3259 248 3314 letus
261 3262 305 3314 est
322 3259 397 3314 enim
411 3260 448 3315 ed
460 3260 676 3331 Peloponnesios
730 3209 844 3324 OXdV.)
854 3255 998 3329 Μηκῶνην
1005 3255 1140 3332 μακάρων
1148 3259 1230 3331 ἐδρα-

174 3330 266 3386 cultus
281 3329 450 3401 Olympicus,
469 3327 519 3386 sed
536 3331 567 3388 hi
584 3332 674 3401 primo
728 3350 779 3385 νον
803 3327 884 3392 αὖτις
906 3333 986 3386 ἰδεῖν.
1027 3331 1107 3386 Adde
1125 3332 1229 3402 Etym.

174 3400 343 3457 dubitabunt
356 3417 420 3456 enm
437 3402 570 3472 recipere,
589 3404 674 3472 etque
727 3403 765 3456 M.
784 3421 811 3473 p.
827 3409 887 3470 583,
902 3407 944 3458 56.
981 3402 1091 3458 Schol.
1111 3402 1179 3457 Ven.
1198 3404 1230 3459 ll.

138 3525 140 3534 ,
172 3475 272 3542 posteo
288 3472 401 3528 demum
415 3475 506 3529 cultus
524 3473 675 3529 secundnm
729 3473 790 3541 XV,
809 3479 851 3529 21.
889 3472 999 3528 Schol.
1018 3473 1118 3529 Aesch.
1137 3473 1230 3531 Proin.

171 3546 264 3600 certes
277 3545 388 3614 regulos
402 3547 530 3616 receptus
545 3546 596 3600 est.
625 3544 676 3599 At-
731 3551 807 3600 1022.
836 3547 865 3600 et
887 3561 958 3615 quoe
981 3545 1104 3614 ellegute
1127 3547 1231 3600 eunte

174 3631 229 3683 que
254 3615 309 3669 hoc
340 3615 447 3670 fectum
475 3619 517 3672 est
542 3616 675 3672 ldeconoe
729 3614 850 3673 Vossio
873 3615 944 3686 Epp.
963 3615 1050 3685 myth.
1069 3615 1103 3668 II.
1122 3633 1150 3685 p.
1169 3621 1230 3671 305.

174 3685 314 3756 (Sicyone)
340 3690 500 3756 propterea,
533 3688 608 3757 quod
635 3685 676 3741 ibi
729 3717 762 3726 -
786 3685 959 3742 Welokeri
987 3686 1126 3741 sententie
1151 3686 1229 3755 (Pril.

173 3757 257 3826 primi
291 3757 453 3814 incolebant
489 3756 676 3828 Peloponnesi
728 3759 827 3814 Aesch.
851 3775 879 3827 p.
899 3759 969 3826 190.)
996 3773 1052 3812 non
1075 3757 1143 3812 satie
1166 3774 1231 3812 con-

173 3827 308 3884 homines.
348 3829 443 3885 Peus.
462 3830 495 3884 Π.
516 3835 540 3899 5,
559 3836 588 3884 5:
624 3831 676 3882 Σι-
727 3828 839 3884 firmata
856 3829 976 3884 videtur.
1011 3826 1141 3883 Ceterum
1158 3829 1231 3884 hunc

174 3894 291 3954 nodosos
309 3897 341 3955 dl
360 3900 426 3969 nect
442 3901 493 3969 τῆς
514 3895 607 3971 χώρας
624 3900 675 3986 τῆς
728 3899 853 3955 fabulum
866 3916 929 3954 cum
940 3898 1041 3954 Latine
1055 3901 1229 3970 comparabis

175 3969 312 4039 σφετέρας
325 3969 463 4041 λέγουσιν,
477 3966 517 4035 ds
528 3971 676 4060 Alysclsoe
728 3987 773 4040 up.
792 3971 912 4026 Arnob.
928 3970 962 4040 V,
977 3978 1005 4026 1:
1025 3973 1159 4042 „acceptu
1171 3972 1231 4026 Nu-

175 4036 327 4112 αὖτόχθων
344 4043 453 4110 πρῶτος
477 4038 509 4097 ἐν
531 4043 604 4112 αοτῇ
629 4041 675 4112 γε’·
729 4059 804 4100 mem
825 4041 943 4097 scientie
963 4059 1023 4096 rem
1043 4042 1073 4096 in
1091 4043 1230 4098 Aventino

174 4131 258 4167 νοιτο.
286 4113 348 4168 Huc
358 4113 444 4168 etism
457 4114 587 4183 pertinet,
602 4114 676 4183 quod
728 4113 827 4169 fecisse
840 4113 973 4180 divinem,
992 4113 1107 4168 elexisse
1121 4113 1158 4168 ed
1175 4115 1230 4168 ten-
1318 4165 1321 4174 ,

177 4183 277 4253 Sicyon
290 4184 358 4240 olim
372 4184 568 4255 appellabatur
579 4185 675 4241 Helles
728 4202 773 4240 rus
799 4185 893 4240 Iovem
916 4185 952 4238 ob
976 4200 1063 4254 eoque
1092 4184 1231 4253 quoesisse

175 4257 212 4322 (v.
238 4255 371 4311 Muller.
399 4258 468 4312 Ae.
520 4297 525 4309 .
553 4260 615 4325 156)
647 4257 677 4311 ct
728 4255 813 4310 ritum
831 4254 1041 4325 procurationis.
1073 4254 1168 4310 Iovem
1183 4255 1231 4309 diu

172 4325 327 4384 Telchinie.
362 4275 474 4397 Stepl.
498 4274 588 4396 llym
625 4328 675 4380 Σι-
729 4327 889 4382 cuuctstum
908 4324 1042 4397 expiabis·
1056 4324 1119 4380 dixe
1138 4325 1229 4394 cupite

226 4425 328 4466 nomon.
343 4425 376 4465 ed.
391 4425 503 4476 Gtttllng.
1001 4419 1017 4468 ὅ
