2958 4896
538 280 654 330 nrum
672 280 913 368 npnuncoru
1203 285 1264 350 137

195 435 265 500 τῶν
288 433 344 500 καὶ
368 430 521 502 ὀδόντων
544 433 607 521 μὲν
628 433 757 522 καναχὴ
779 434 896 522 πέλεν,
919 427 994 506 εὐτε
1016 435 1156 525 μείχοιτο

192 535 521 626 Ἀμφιτρυωνιάδης,
544 537 584 608 τδι
609 539 646 608 δὲ
670 543 782 609 δαίετο
805 541 964 630 θαυματὰ
987 548 1076 632 ἔργα.
1212 563 1266 616 165

195 650 357 731 στίγματα
380 643 412 711 δ’
439 641 484 725 δός
507 644 674 733 ἐπέφαντο
699 652 785 716 ἰδεῖν
808 654 951 719 δεινοῖσι
976 650 1152 739 δρόκονσι·

191 750 332 819 κυάνεοι
354 748 436 818 κατὰ
459 755 565 837 νῶτα,
588 752 809 840 μελάνθησαν
832 755 870 823 δὲ
892 755 1015 842 γένεια.

283 859 320 925 ἐν
345 856 382 924 δὲ
405 863 498 927 σνῶν
525 857 642 946 ἀγέλαι
667 861 823 948 χλούνων
848 867 928 930 ἔσαν
950 861 1013 950 ἠδὲ
1035 863 1183 934 λεόντων

195 965 230 1043 ἐς
252 962 358 1051 σφέας
381 965 612 1052 δερκομένων,
634 967 822 1036 κοτεόντων
845 967 882 1036 θ’
908 969 1052 1058 ἱεμένων
1075 998 1119 1040 τε.

194 1075 264 1139 τῶν
287 1072 343 1139 καὶ
367 1068 530 1159 ὁμιληδὸν
554 1079 662 1160 στίχες
683 1072 798 1161 ἤϊσαν·
823 1073 903 1144 οὐδέ
926 1104 970 1144 νυ
992 1083 1083 1164 τοίγε
1214 1101 1268 1150 17ο

201 1175 373 1265 οὐδέτεροι
395 1182 547 1267 τρεέτην·
570 1179 717 1267 φρῖσσόν
740 1208 778 1268 γε
801 1181 862 1269 μὲν
885 1181 1027 1271 αὐχένας
1049 1181 1159 1272 ἄμφω.

264 1319 297 1373 V.
318 1324 378 1372 164.
415 1316 594 1389 pdzcton.

264 1390 298 1446 V.
319 1394 379 1447 165.
417 1389 603 1463 θαυματὰ]
631 1394 692 1449 Ηοσ
715 1412 766 1464 pro
785 1392 889 1450 δωδτίι
911 1396 1006 1464 recepi
1028 1413 1092 1450 oum
1111 1397 1218 1452 caisf.
1237 1401 1269 1454 et

193 1460 290 1514 Dind.
310 1477 344 1516 ex
358 1463 413 1518 Va.
433 1465 522 1519 Palet.
538 1465 600 1518 Par.
621 1466 675 1534 (ap,
689 1465 830 1534 Ruhnk.)
848 1466 945 1535 Neap,
966 1468 1073 1524 duobus
1085 1468 1171 1535 Flor.;
1190 1473 1265 1524 θαν·

192 1527 285 1600 μαστοὶ
304 1532 357 1588 Ρ2.
382 1536 455 1590 Μεδ.
474 1534 529 1590 duo
548 1535 599 1590 alii
617 1535 705 1591 l'lorr.
725 1553 769 1605 up.
789 1537 933 1607 Lennep.
954 1537 1024 1603 via,
1047 1538 1172 1594 θέσκελα
1190 1559 1262 1594 unus
1285 1568 1288 1576 ν

189 1603 266 1730 {lon
286 1605 484 1729 ἣξ.1ῐιεησομ.,
504 1602 600 1660 ἐδέετο
619 1606 773 1676 θαυμαστοὶ
793 1608 856 1677 Ma,
876 1605 1030 1678 θαυμαστὰ
1049 1610 1135 1664 etiam
1152 1610 1208 1666 Vl.
1229 1643 1262 1651 -

216 1693 228 1727 ε
267 1693 286 1726 α
345 1719 350 1730 .

231 1693 298 1798 ργλῑ.
319 1751 370 1802 166
386 1766 443 1817 seq.
478 1749 647 1818 στίγματα
662 1778 695 1787 -
714 1745 956 1820 nortwalliae
970 1750 1058 1805 habet
1071 1751 1173 1806 ultima
1186 1752 1265 1808 vocis

192 1810 303 1902 κνόνεσχ
322 1818 466 1888 producta,
486 1835 559 1887 quae
573 1818 681 1873 Herm.
697 1819 734 1873 ad
748 1819 833 1889 Orph.
852 1839 880 1890 p.
896 1827 955 1902 702.
976 1821 1141 1905 coniecerat.
1152 1824 1266 1892 στιγμαὶ

193 1890 841 2040 {atlt?“ttltttltlttlltttritt
859 1892 1264 2034 ..llatirl.¹.·z‚‘¹ltt³tttl

194 2030 309 2084 structio
328 2033 444 2100 propter
462 2028 599 2100 δρόκουσι
622 2034 731 2087 mutata
754 2033 799 2088 sit
836 2033 908 2088 Mihi
931 2034 1169 2104 simplicissimum
1188 2037 1264 2091 vide-

193 2102 240 2154 tur
257 2102 323 2168 poet
346 2098 482 2171 δράκοοσι
504 2103 716 2174 interpungere,
739 2106 772 2158 ut
796 2105 833 2158 ad
851 2100 969 2161 κυάνεοι
993 2107 1158 2176 suppleatur
1181 2099 1265 2177 ἦσαν,

190 2172 224 2226 ut
241 2189 267 2225 v.
290 2177 349 2229 183.
382 2174 455 2229 Nam
474 2175 560 2228 istam
578 2176 717 2230 mutatam
736 2175 972 2231 constructionem
990 2194 1046 2232 non
1064 2177 1147 2232 facila
1165 2178 1266 2234 tuleris

191 2241 222 2296 in
239 2243 304 2300 tam
323 2247 400 2300 arcto
419 2245 574 2300 coniunctis
593 2246 746 2300 vocabulis.
766 2277 799 2286 -
818 2244 915 2302 fadaia
933 2248 978 2302 ΡΙ.

267 2314 301 2369 V.
323 2321 381 2372 169,
418 2315 478 2370 M2.
496 2313 523 2370 τ’
543 2315 672 2387 ἱεμένων,

263 2384 297 2439 V.
318 2392 377 2441 170.
415 2382 604 2458 ὁμιληδὸν]
633 2387 686 2444 Pa.
707 2387 762 2442 Vt.
787 2383 933 2458 ὁμιλαδόν.
958 2419 993 2428 -
1017 2391 1081 2442 ἴσαν
1101 2389 1187 2443 etiam
1206 2390 1262 2446 Vl.

194 2485 226 2496 —
250 2456 363 2527 τοίγε]
387 2457 433 2513 Sic
452 2459 514 2512 Par.
533 2475 584 2528 pro
604 2452 674 2526 τόγε
694 2458 741 2513 vel
760 2459 817 2512 τῶν
836 2478 867 2527 γε
888 2459 939 2527 (sio
957 2459 1044 2528 Ma),
1064 2460 1141 2528 quod
1158 2460 1265 2516 habent

162 2583 165 2588 ,
193 2526 289 2583 ceteri
324 2527 377 2593 Qui
395 2527 467 2583 illud
485 2531 639 2596 mutarunt,
659 2545 706 2584 eos
725 2529 800 2584 male
818 2530 942 2584 habebat
960 2529 1078 2599 pluralis
1096 2530 1126 2584 in
1143 2531 1218 2600 τοίγε
1235 2532 1266 2586 ot

196 2593 344 2666 οὐδέτεροι
361 2599 473 2654 iunctus
493 2599 571 2654 duali
589 2598 714 2668 τρεέτην.
753 2603 833 2654 ίεσαν
851 2601 907 2654 τῶν
926 2619 957 2670 γε
977 2602 1036 2656 Μ3.

264 2669 297 2724 V.
319 2675 383 2738 171.Ι
416 2665 616 2741 οὐδέτεροι]
635 2671 688 2726 Ρλ.
709 2667 870 2741 οὐδέτερον.
888 2672 948 2726 Μ2.
968 2671 1024 2726 Vl.
1045 2666 1099 2726 οὐδ
1118 2669 1156 2728 ἔτ.
1175 2675 1265 2739 τρεεί·

192 2758 245 2807 την
262 2739 322 2795 ΜΒ.
360 2741 446 2796 Porro
464 2743 525 2798 Ma.
545 2741 653 2811 φρένας
671 2737 765 2812 ἄμφω.

198 2883 251 2919 νον
265 2860 375 2950 τττόχας
388 2883 414 2921 v.
431 2872 481 2920 143
500 2866 621 2936 implent
633 2885 703 2921 τινα·
756 2866 874 2922 metalli.
907 2866 1020 2922 Heinr.
1057 2863 1195 2938 δανματό
1213 2885 1266 2938 pro

196 2935 274 2997 νέοις
292 2956 391 2998 acrore
410 2938 459 3005 qui
476 2956 502 2992 v.
524 2943 574 2992 167
598 2954 703 2992 memo·
757 2932 925 3007 θαυμαστοί,
948 2940 981 2992 ut
998 2933 1105 3007 όγατός
1123 2955 1174 3008 pro
1194 2935 1266 3008 ἄγα-

193 3009 299 3062 rantur.
758 3005 835 3078 στός,
859 3003 1005 3078 ἄδόματος
1023 3026 1074 3079 pro
1093 3005 1265 3079 ἀδάμαστος.

232 3077 265 3132 V.
287 3082 346 3132 164.
388 3078 704 3134 HaecRankiusita
794 3079 827 3135 V.
848 3085 907 3134 166.
951 3075 1128 3149 ἐπέφαντο
1152 3079 1266 3152 ἰδεῖν]

196 3149 401 3217 interpretatus
416 3151 467 3217 oct,
481 3152 583 3204 utnon
597 3151 632 3204 do
648 3151 703 3205 col·
758 3149 792 3204 V.
811 3151 929 3204 Matth.
950 3150 995 3205 Gr.
1016 3157 1039 3217 ξ.
1059 3156 1119 3206 535.

196 3219 257 3274 lisia
279 3220 405 3288 ipsorum
428 3223 589 3289 cerpentum
613 3221 704 3275 denti·
794 3220 827 3277 V.
849 3222 1001 3293 168-177]
1031 3223 1152 3277 Altera
1170 3221 1267 3294 imago
1355 3213 1359 3220 ’

195 3291 249 3345 bue
263 3291 451 3362 intellegeret,
466 3291 703 3346 reddedcntibua
757 3309 890 3361 aprorum
930 3293 1100 3362 leonumque
1145 3311 1265 3364 pugnae,

197 3364 396 3432 pugnatorum,
415 3361 463 3431 qui
482 3364 603 3416 tremore
623 3362 703 3418 oolli-
758 3380 845 3432 quam
860 3381 923 3418 cum
942 3364 1095 3420 admodum
1114 3365 1218 3435 frigida
1236 3367 1265 3420 et

198 3433 344 3503 derentur,
391 3450 454 3488 oum
495 3433 629 3488 Hercules
674 3433 703 3486 in
757 3434 917 3503 ieiunarit,
936 3453 992 3490 non
1011 3440 1046 3488 ab
1066 3437 1267 3506 eodcmpoeta

197 3521 322 3575 pugnam
343 3504 515 3574 procederet.
557 3505 617 3559 Hoc
634 3519 703 3558 vcro
758 3505 916 3574 profectam
935 3522 1007 3574 esso,
1034 3507 1083 3574 qui
1102 3508 1266 3575 sequentem

196 3592 380 3645 prorauenon
394 3575 503 3644 patitur
516 3575 589 3630 ratio
604 3574 704 3629 verbo·
758 3575 944 3645 Lapitharum
967 3593 1091 3646 pugnam
1111 3577 1262 3646 descripse-

196 3665 258 3700 rum
274 3641 401 3700 σ’δόντων
416 3644 469 3716 μὲν
487 3641 598 3714 καναχὴ
617 3644 704 3700 πέλεν
759 3647 804 3715 rit,
824 3647 874 3702 'auo
887 3647 949 3700 inre
968 3646 1105 3701 conclusit
1119 3647 1265 3702 Deitcrs.

198 3719 227 3772 et
250 3712 285 3771 τόι
309 3714 341 3771 δέ
367 3719 464 3773 δαίετο
489 3715 565 3786 ἔργα.
603 3715 705 3785 Capita
758 3735 786 3786 p.
807 3724 849 3772 17.

199 3787 255 3841 ista
273 3790 434 3856 serpentum
457 3788 499 3842 ita
517 3789 596 3842 scuto
620 3787 706 3840 infixa
796 3788 829 3843 V.
851 3792 910 3842 168.
951 3785 1125 3860 χλούνων]
1149 3788 1265 3844 Contra-

199 3860 287 3927 orant,
300 3861 333 3912 ut
345 3859 529 3927 thysanorum
538 3858 628 3912 instar
641 3874 704 3927 pro·
760 3861 837 3914 otum
855 3874 916 3913 esec
936 3858 1048 3914 videtur
1066 3875 1100 3913 ex
1122 3857 1268 3930 χελοόνης,

197 3929 321 3998 pendula
343 3931 522 3984 moverentur
541 3946 604 3983 cum
625 3931 705 3984 scuto
759 3933 827 3984 uta
845 3924 934 3997 χιλόν
952 3929 1104 4001 derivetur,
1123 3932 1198 4000 quod
1217 3947 1267 4000 ap·

198 4000 311 4054 sublata
330 4002 359 4055 ct
379 4001 453 4055 ultro
473 3999 600 4068 citroque
618 4000 705 4055 moto.
759 4000 850 4068 primo
869 4001 1113 4056 accommodatum
1136 4019 1204 4072 apro
1224 4003 1269 4056 est

199 4070 271 4125 Hinc
282 4070 397 4126 effectus
411 4072 454 4126 est
467 4069 570 4126 stridor
580 4069 706 4124 dentium
760 4072 876 4140 propter
889 4087 1073 4126 varronum
1087 4073 1269 4130 incondita

203 4141 306 4196 collisio
324 4141 459 4197 faucibus.
479 4205 482 4210 Ι
760 4143 889 4209 rostra,
910 4143 943 4196 ut
960 4142 1086 4198 Lucilius
1106 4144 1154 4200 ait.

234 4212 268 4268 V.
290 4219 348 4268 166.
391 4215 512 4267 δαίετο
540 4207 705 4281 ccupat&
795 4213 828 4266 V.
846 4218 905 4267 169.
939 4207 973 4266 θ’
995 4211 1143 4284 λεμένοιν
1161 4214 1212 4283 τε]
1231 4212 1266 4268 V.

206 4280 306 4355 ἔργα]
321 4286 435 4353 Δαίετο,
450 4283 587 4339 ardebant
596 4283 706 4352 fulgore
761 4284 855 4340 adnot.
876 4282 936 4339 crit.
957 4284 1038 4339 adv.
1059 4290 1100 4340 65.
