<?xml version="1.0" encoding="UTF-8"?>
<!DOCTYPE html PUBLIC "-//W3C//DTD XHTML 1.0 Transitional//EN"
    "http://www.w3.org/TR/xhtml1/DTD/xhtml1-transitional.dtd">
<html xmlns="http://www.w3.org/1999/xhtml" xml:lang="en" lang="en">
 <head>
  <title>
</title>
<meta http-equiv="Content-Type" content="text/html;charset=utf-8" />
  <meta name='ocr-system' content='tesseract 3.04.00' />
  <meta name='ocr-capabilities' content='ocr_page ocr_carea ocr_par ocr_line ocrx_word'/>
</head>
<body>
  <div class='ocr_page' id='page_1' title='image "./hesiodicarmina02hesigoog_0439.png"; bbox 0 0 2904 4900; ppageno 0'>
   <div class='ocr_carea' id='block_1_1' title="bbox 238 321 861 386">
    <p class='ocr_par' dir='ltr' id='par_1_1' title="bbox 238 321 861 386">
     <span class='ocr_line' id='line_1_1' title="bbox 238 321 861 386; baseline -0.01 0"><span class='ocrx_word' id='word_1_1' title='bbox 238 321 305 386; x_wconf 84' lang='lat'><strong><em>338</em></strong></span> <span class='ocrx_word' id='word_1_2' title='bbox 686 325 861 381; x_wconf 81' lang='lat' dir='ltr'>HESIODI</span> 
     </span>
    </p>
   </div>
   <div class='ocr_carea' id='block_1_2' title="bbox 239 477 1311 639">
    <p class='ocr_par' dir='ltr' id='par_1_2' title="bbox 239 477 1311 639">
     <span class='ocr_line' id='line_1_2' title="bbox 239 477 1311 560; baseline 0.007 -22"><span class='ocrx_word' id='word_1_3' title='bbox 239 477 377 553; x_wconf 84' lang='grc' dir='ltr'><strong><em>διγάμους</em></strong></span> <span class='ocrx_word' id='word_1_4' title='bbox 395 502 424 536; x_wconf 92' lang='grc' dir='ltr'><strong><em>τε</em></strong></span> <span class='ocrx_word' id='word_1_5' title='bbox 444 483 491 537; x_wconf 80' lang='grc' dir='ltr'><strong><em>καὶ</em></strong></span> <span class='ocrx_word' id='word_1_6' title='bbox 515 478 667 555; x_wconf 85' lang='grc' dir='ltr'><strong><em>τριγάμους</em></strong></span> <span class='ocrx_word' id='word_1_7' title='bbox 686 484 733 538; x_wconf 79' lang='grc' dir='ltr'><strong><em>καῖ</em></strong></span> <span class='ocrx_word' id='word_1_8' title='bbox 756 482 944 558; x_wconf 81' lang='grc' dir='ltr'><strong><em>λειψάνδρους</em></strong></span> <span class='ocrx_word' id='word_1_9' title='bbox 963 481 1051 542; x_wconf 77' lang='grc' dir='ltr'><strong><em>αὐτοῦ</em></strong></span> <span class='ocrx_word' id='word_1_10' title='bbox 1071 484 1122 550; x_wconf 87' lang='grc' dir='ltr'><strong><em>τάς</em></strong></span> <span class='ocrx_word' id='word_1_11' title='bbox 1141 488 1311 560; x_wconf 77' lang='grc' dir='ltr'><strong><em>θυγατέρας</em></strong></span> 
     </span>
     <span class='ocr_line' id='line_1_3' title="bbox 240 564 656 639; baseline -0.005 -12"><span class='ocrx_word' id='word_1_12' title='bbox 240 567 381 639; x_wconf 80' lang='grc' dir='ltr'><strong><em>ἐποίησεν.</em></strong></span> <span class='ocrx_word' id='word_1_13' title='bbox 400 601 435 608; x_wconf 99' lang='grc'>-</span> <span class='ocrx_word' id='word_1_14' title='bbox 454 570 503 624; x_wconf 85' lang='grc' dir='ltr'><strong><em>καῖ</em></strong></span> <span class='ocrx_word' id='word_1_15' title='bbox 517 564 656 634; x_wconf 82' lang='grc' dir='ltr'><strong><em>Ἡσίοδος·</em></strong></span> 
     </span>
    </p>
   </div>
   <div class='ocr_carea' id='block_1_3' title="bbox 306 696 1257 896">
    <p class='ocr_par' dir='ltr' id='par_1_3' title="bbox 306 696 1257 896">
     <span class='ocr_line' id='line_1_4' title="bbox 566 696 1169 800; baseline 0.012 -38"><span class='ocrx_word' id='word_1_16' title='bbox 566 699 663 800; x_wconf 77' lang='grc' dir='ltr'><strong><em>τῇσιν</em></strong></span> <span class='ocrx_word' id='word_1_17' title='bbox 688 696 726 764; x_wconf 72' lang='grc' dir='ltr'><strong><em>δὲ</em></strong></span> <span class='ocrx_word' id='word_1_18' title='bbox 749 697 971 786; x_wconf 79' lang='grc' dir='ltr'><strong><em>φιλομμειδὴς</em></strong></span> <span class='ocrx_word' id='word_1_19' title='bbox 991 698 1169 788; x_wconf 77' lang='grc' dir='ltr'><strong><em>Ἀφροδίτη</em></strong></span> 
     </span>
     <span class='ocr_line' id='line_1_5' title="bbox 306 801 1257 896; baseline 0.008 -26"><span class='ocrx_word' id='word_1_20' title='bbox 306 801 441 891; x_wconf 79' lang='grc' dir='ltr'><strong><em>ἠγάσθη</em></strong></span> <span class='ocrx_word' id='word_1_21' title='bbox 464 806 684 889; x_wconf 83' lang='grc' dir='ltr'><strong><em>προςιδοῦσα,</em></strong></span> <span class='ocrx_word' id='word_1_22' title='bbox 707 803 814 891; x_wconf 73' lang='grc' dir='ltr'><strong><em>κακήν</em></strong></span> <span class='ocrx_word' id='word_1_23' title='bbox 838 807 878 872; x_wconf 84' lang='grc' dir='ltr'><strong><em>δέ</em></strong></span> <span class='ocrx_word' id='word_1_24' title='bbox 899 803 957 893; x_wconf 86' lang='grc' dir='ltr'><strong><em>σφ’</em></strong></span> <span class='ocrx_word' id='word_1_25' title='bbox 984 812 1105 894; x_wconf 79' lang='grc' dir='ltr'><strong><em>ἔμβαλε</em></strong></span> <span class='ocrx_word' id='word_1_26' title='bbox 1127 808 1257 896; x_wconf 81' lang='grc' dir='ltr'><strong><em>φήμην.</em></strong></span> 
     </span>
    </p>
   </div>
   <div class='ocr_carea' id='block_1_4' title="bbox 224 961 726 1034">
    <p class='ocr_par' dir='ltr' id='par_1_4' title="bbox 224 961 726 1034">
     <span class='ocr_line' id='line_1_6' title="bbox 224 961 726 1034; baseline -0.002 -17"><span class='ocrx_word' id='word_1_27' title='bbox 224 963 288 1034; x_wconf 88' lang='lat' dir='ltr'>&#39;[V.</span> <span class='ocrx_word' id='word_1_28' title='bbox 307 962 406 1033; x_wconf 74' lang='lat' dir='ltr'>fragm.</span> <span class='ocrx_word' id='word_1_29' title='bbox 425 963 535 1032; x_wconf 79' lang='lat' dir='ltr'>plenius</span> <span class='ocrx_word' id='word_1_30' title='bbox 554 961 673 1019; x_wconf 82' lang='lat' dir='ltr'>CLXIV.</span> <span class='ocrx_word' id='word_1_31' title='bbox 688 961 726 1033; x_wconf 87' lang='lat' dir='ltr'><strong><em>b.]</em></strong></span> 
     </span>
    </p>
   </div>
   <div class='ocr_carea' id='block_1_5' title="bbox 642 1159 899 1251">
    <p class='ocr_par' dir='ltr' id='par_1_5' title="bbox 642 1159 899 1251">
     <span class='ocr_line' id='line_1_7' title="bbox 642 1159 899 1251; baseline 0.016 -26"><span class='ocrx_word' id='word_1_32' title='bbox 642 1159 768 1227; x_wconf 80' lang='lat' dir='ltr'>oovn.</span> <span class='ocrx_word' id='word_1_33' title='bbox 795 1159 899 1251; x_wconf 75' lang='grc' dir='ltr'><strong><em>μοι.)</em></strong></span> 
     </span>
    </p>
   </div>
   <div class='ocr_carea' id='block_1_6' title="bbox 237 1280 1306 1533">
    <p class='ocr_par' dir='ltr' id='par_1_6' title="bbox 237 1280 1306 1533">
     <span class='ocr_line' id='line_1_8' title="bbox 310 1280 1305 1356; baseline 0.004 -18"><span class='ocrx_word' id='word_1_34' title='bbox 310 1284 419 1340; x_wconf 84' lang='lat' dir='ltr'>Schol.</span> <span class='ocrx_word' id='word_1_35' title='bbox 438 1285 548 1356; x_wconf 83' lang='lat' dir='ltr'><strong>Apoll.</strong></span> <span class='ocrx_word' id='word_1_36' title='bbox 567 1286 619 1352; x_wconf 87' lang='lat' dir='ltr'><strong><em>IV,</em></strong></span> <span class='ocrx_word' id='word_1_37' title='bbox 640 1289 721 1338; x_wconf 78' lang='lat'>1396:</span> <span class='ocrx_word' id='word_1_38' title='bbox 749 1285 926 1353; x_wconf 83' lang='grc' dir='ltr'><strong><em>Πείσανδρος</em></strong></span> <span class='ocrx_word' id='word_1_39' title='bbox 949 1280 999 1340; x_wconf 85' lang='grc' dir='ltr'><strong><em>τὸν</em></strong></span> <span class='ocrx_word' id='word_1_40' title='bbox 1021 1282 1163 1354; x_wconf 89' lang='grc' dir='ltr'><strong><em>δράκοντα</em></strong></span> <span class='ocrx_word' id='word_1_41' title='bbox 1187 1283 1305 1356; x_wconf 75' lang='grc' dir='ltr'><strong><em>ὑπείλη-</em></strong></span> 
     </span>
     <span class='ocr_line' id='line_1_9' title="bbox 237 1367 1306 1444; baseline 0.002 -16"><span class='ocrx_word' id='word_1_42' title='bbox 237 1392 293 1444; x_wconf 85' lang='grc' dir='ltr'><strong><em>φεν</em></strong></span> <span class='ocrx_word' id='word_1_43' title='bbox 312 1368 370 1428; x_wconf 86' lang='grc' dir='ltr'><strong><em>ἀπὸ</em></strong></span> <span class='ocrx_word' id='word_1_44' title='bbox 389 1376 439 1443; x_wconf 76' lang='grc' dir='ltr'><strong><em>τῆς</em></strong></span> <span class='ocrx_word' id='word_1_45' title='bbox 456 1375 507 1444; x_wconf 86' lang='grc' dir='ltr'><strong><em>γῆς</em></strong></span> <span class='ocrx_word' id='word_1_46' title='bbox 526 1373 713 1443; x_wconf 80' lang='grc' dir='ltr'><strong><em>γεγενῆσθαι,</em></strong></span> <span class='ocrx_word' id='word_1_47' title='bbox 728 1367 856 1435; x_wconf 84' lang='grc' dir='ltr'><strong><em>Ἡσίοδος</em></strong></span> <span class='ocrx_word' id='word_1_48' title='bbox 874 1371 907 1428; x_wconf 77' lang='grc' dir='ltr'><strong><em>δὲ</em></strong></span> <span class='ocrx_word' id='word_1_49' title='bbox 928 1368 960 1429; x_wconf 77' lang='grc' dir='ltr'><strong><em>ἐκ</em></strong></span> <span class='ocrx_word' id='word_1_50' title='bbox 981 1370 1120 1443; x_wconf 77' lang='grc' dir='ltr'><strong><em>Τυφῶνός</em></strong></span> <span class='ocrx_word' id='word_1_51' title='bbox 1138 1393 1234 1444; x_wconf 86' lang='grc' dir='ltr'><strong><em>φησιν.</em></strong></span> <span class='ocrx_word' id='word_1_52' title='bbox 1273 1378 1306 1430; x_wconf 85' lang='lat' dir='ltr'><strong><em>In</em></strong></span> 
     </span>
     <span class='ocr_line' id='line_1_10' title="bbox 237 1461 925 1533; baseline 0 -16"><span class='ocrx_word' id='word_1_53' title='bbox 237 1464 343 1533; x_wconf 83' lang='lat' dir='ltr'><strong>Theog.</strong></span> <span class='ocrx_word' id='word_1_54' title='bbox 363 1469 415 1518; x_wconf 82' lang='lat'><strong><em>333</em></strong></span> <span class='ocrx_word' id='word_1_55' title='bbox 435 1467 479 1518; x_wconf 74' lang='lat' dir='ltr'><strong><em>est</em></strong></span> <span class='ocrx_word' id='word_1_56' title='bbox 496 1463 570 1518; x_wconf 82' lang='lat' dir='ltr'>filius</span> <span class='ocrx_word' id='word_1_57' title='bbox 588 1462 700 1517; x_wconf 73' lang='lat' dir='ltr'>Cetonis</span> <span class='ocrx_word' id='word_1_58' title='bbox 719 1463 748 1516; x_wconf 81' lang='lat' dir='ltr'><strong><em>et</em></strong></span> <span class='ocrx_word' id='word_1_59' title='bbox 765 1461 925 1531; x_wconf 81' lang='lat' dir='ltr'><strong>Phorcynis.</strong></span> 
     </span>
    </p>
   </div>
   <div class='ocr_carea' id='block_1_7' title="bbox 631 1657 905 1747">
    <p class='ocr_par' dir='ltr' id='par_1_7' title="bbox 631 1657 905 1747">
     <span class='ocr_line' id='line_1_11' title="bbox 631 1657 905 1747; baseline 0.004 -23"><span class='ocrx_word' id='word_1_60' title='bbox 631 1657 774 1725; x_wconf 77' lang='lat' dir='ltr'>oovm.</span> <span class='ocrx_word' id='word_1_61' title='bbox 803 1657 905 1747; x_wconf 75' lang='grc' dir='ltr'><strong><em>(οε.)</em></strong></span> 
     </span>
    </p>
   </div>
   <div class='ocr_carea' id='block_1_8' title="bbox 235 1775 1306 2297">
    <p class='ocr_par' dir='ltr' id='par_1_8' title="bbox 235 1775 1306 2297">
     <span class='ocr_line' id='line_1_12' title="bbox 307 1775 1306 1854; baseline 0.001 -17"><span class='ocrx_word' id='word_1_62' title='bbox 307 1782 470 1838; x_wconf 81' lang='lat' dir='ltr'>Aelianus</span> <span class='ocrx_word' id='word_1_63' title='bbox 490 1781 523 1836; x_wconf 90' lang='lat' dir='ltr'><strong><em>V.</em></strong></span> <span class='ocrx_word' id='word_1_64' title='bbox 543 1782 576 1835; x_wconf 85' lang='lat' dir='ltr'><strong><em>H.</em></strong></span> <span class='ocrx_word' id='word_1_65' title='bbox 595 1781 660 1849; x_wconf 85' lang='lat' dir='ltr'>XII,</span> <span class='ocrx_word' id='word_1_66' title='bbox 680 1787 726 1835; x_wconf 83' lang='grc' dir='ltr'><strong><em>2οε</em></strong></span> <span class='ocrx_word' id='word_1_67' title='bbox 764 1776 840 1850; x_wconf 79' lang='grc' dir='ltr'><strong><em>λέγει</em></strong></span> <span class='ocrx_word' id='word_1_68' title='bbox 854 1777 982 1844; x_wconf 86' lang='grc' dir='ltr'><strong><em>Ἡσίοδος</em></strong></span> <span class='ocrx_word' id='word_1_69' title='bbox 1005 1777 1057 1851; x_wconf 86' lang='grc' dir='ltr'><strong><em>τὴν</em></strong></span> <span class='ocrx_word' id='word_1_70' title='bbox 1081 1775 1192 1852; x_wconf 87' lang='grc' dir='ltr'><strong><em>ἀηδόνα</em></strong></span> <span class='ocrx_word' id='word_1_71' title='bbox 1211 1778 1306 1854; x_wconf 87' lang='grc' dir='ltr'><strong><em>μόνην</em></strong></span> 
     </span>
     <span class='ocr_line' id='line_1_13' title="bbox 235 1864 1303 1943; baseline 0 -16"><span class='ocrx_word' id='word_1_72' title='bbox 235 1866 362 1942; x_wconf 77' lang='grc' dir='ltr'><strong><em>ὀρνίθων</em></strong></span> <span class='ocrx_word' id='word_1_73' title='bbox 385 1866 499 1941; x_wconf 89' lang='grc' dir='ltr'><strong><em>ἀμελεῖν</em></strong></span> <span class='ocrx_word' id='word_1_74' title='bbox 523 1864 616 1925; x_wconf 78' lang='grc' dir='ltr'><strong><em>όπνου</em></strong></span> <span class='ocrx_word' id='word_1_75' title='bbox 639 1870 688 1923; x_wconf 84' lang='grc' dir='ltr'><strong><em>καῖ</em></strong></span> <span class='ocrx_word' id='word_1_76' title='bbox 711 1865 760 1924; x_wconf 89' lang='grc' dir='ltr'><strong><em>διά</em></strong></span> <span class='ocrx_word' id='word_1_77' title='bbox 784 1870 881 1930; x_wconf 82' lang='grc' dir='ltr'><strong><em>τέλους</em></strong></span> <span class='ocrx_word' id='word_1_78' title='bbox 904 1867 1068 1940; x_wconf 87' lang='grc' dir='ltr'><strong><em>ἀγρυπνεῖν.</em></strong></span> <span class='ocrx_word' id='word_1_79' title='bbox 1105 1868 1157 1941; x_wconf 86' lang='grc' dir='ltr'><strong><em>τὴν</em></strong></span> <span class='ocrx_word' id='word_1_80' title='bbox 1175 1869 1208 1928; x_wconf 70' lang='grc' dir='ltr'><strong><em>δὲ</em></strong></span> <span class='ocrx_word' id='word_1_81' title='bbox 1228 1877 1303 1943; x_wconf 84' lang='grc' dir='ltr'><strong><em>χελι-</em></strong></span> 
     </span>
     <span class='ocr_line' id='line_1_14' title="bbox 235 1953 1305 2030; baseline 0.002 -16"><span class='ocrx_word' id='word_1_82' title='bbox 235 1956 308 2015; x_wconf 85' lang='grc' dir='ltr'><strong><em>δόνα</em></strong></span> <span class='ocrx_word' id='word_1_83' title='bbox 332 1954 385 2015; x_wconf 75' lang='grc' dir='ltr'><strong><em>οὐκ</em></strong></span> <span class='ocrx_word' id='word_1_84' title='bbox 409 1959 449 2021; x_wconf 86' lang='grc' dir='ltr'><strong><em>είς</em></strong></span> <span class='ocrx_word' id='word_1_85' title='bbox 471 1955 503 2014; x_wconf 87' lang='grc' dir='ltr'><strong><em>τὸ</em></strong></span> <span class='ocrx_word' id='word_1_86' title='bbox 527 1956 664 2021; x_wconf 73' lang='grc' dir='ltr'><strong><em>παντελὲς</em></strong></span> <span class='ocrx_word' id='word_1_87' title='bbox 686 1953 842 2028; x_wconf 72' lang='grc' dir='ltr'><strong><em>ἀγρυπνεῖν</em></strong></span> <span class='ocrx_word' id='word_1_88' title='bbox 864 1958 913 2013; x_wconf 79' lang='grc' dir='ltr'><strong><em>καὶ</em></strong></span> <span class='ocrx_word' id='word_1_89' title='bbox 938 1955 1043 2030; x_wconf 79' lang='grc' dir='ltr'><strong><em>ταύτην</em></strong></span> <span class='ocrx_word' id='word_1_90' title='bbox 1067 1958 1099 2015; x_wconf 72' lang='grc' dir='ltr'><strong><em>δὲ</em></strong></span> <span class='ocrx_word' id='word_1_91' title='bbox 1124 1955 1305 2016; x_wconf 70' lang='grc' dir='ltr'><strong><em>ἀπολωλέναι</em></strong></span> 
     </span>
     <span class='ocr_line' id='line_1_15' title="bbox 235 2041 1304 2119; baseline 0 -15"><span class='ocrx_word' id='word_1_92' title='bbox 235 2049 286 2104; x_wconf 82' lang='grc' dir='ltr'><strong><em>τοῦ</em></strong></span> <span class='ocrx_word' id='word_1_93' title='bbox 311 2043 403 2103; x_wconf 81' lang='grc' dir='ltr'><strong><em>ίίπνου</em></strong></span> <span class='ocrx_word' id='word_1_94' title='bbox 427 2043 458 2104; x_wconf 86' lang='grc' dir='ltr'><strong><em>τδ</em></strong></span> <span class='ocrx_word' id='word_1_95' title='bbox 482 2041 577 2118; x_wconf 79' lang='grc' dir='ltr'><strong><em>ἥμισυ.</em></strong></span> <span class='ocrx_word' id='word_1_96' title='bbox 614 2050 750 2119; x_wconf 83' lang='grc' dir='ltr'><strong><em>τιμωρίαν</em></strong></span> <span class='ocrx_word' id='word_1_97' title='bbox 772 2045 805 2103; x_wconf 71' lang='grc' dir='ltr'><strong><em>δὲ</em></strong></span> <span class='ocrx_word' id='word_1_98' title='bbox 829 2043 886 2116; x_wconf 88' lang='grc' dir='ltr'><strong><em>ἀρα</em></strong></span> <span class='ocrx_word' id='word_1_99' title='bbox 909 2046 1018 2116; x_wconf 80' lang='grc' dir='ltr'><strong><em>ταύτην</em></strong></span> <span class='ocrx_word' id='word_1_100' title='bbox 1042 2044 1182 2104; x_wconf 76' lang='grc' dir='ltr'><strong><em>ἐκτίνουσί</em></strong></span> <span class='ocrx_word' id='word_1_101' title='bbox 1201 2047 1250 2104; x_wconf 87' lang='grc' dir='ltr'><strong><em>διά</em></strong></span> <span class='ocrx_word' id='word_1_102' title='bbox 1270 2046 1304 2104; x_wconf 86' lang='grc' dir='ltr'><strong><em>τὸ</em></strong></span> 
     </span>
     <span class='ocr_line' id='line_1_16' title="bbox 235 2131 1304 2209; baseline 0.001 -17"><span class='ocrx_word' id='word_1_103' title='bbox 235 2133 332 2198; x_wconf 88' lang='grc' dir='ltr'><strong><em>πάθος</em></strong></span> <span class='ocrx_word' id='word_1_104' title='bbox 355 2133 385 2190; x_wconf 86' lang='grc' dir='ltr'><strong><em>τὸ</em></strong></span> <span class='ocrx_word' id='word_1_105' title='bbox 411 2132 442 2192; x_wconf 77' lang='grc' dir='ltr'><strong><em>ἐν</em></strong></span> <span class='ocrx_word' id='word_1_106' title='bbox 468 2133 564 2209; x_wconf 80' lang='grc' dir='ltr'><strong><em>Θρᾴκῃ</em></strong></span> <span class='ocrx_word' id='word_1_107' title='bbox 588 2135 820 2207; x_wconf 81' lang='grc' dir='ltr'><strong><em>κατατολμηθέν,</em></strong></span> <span class='ocrx_word' id='word_1_108' title='bbox 843 2131 874 2190; x_wconf 86' lang='grc' dir='ltr'><strong><em>τὸ</em></strong></span> <span class='ocrx_word' id='word_1_109' title='bbox 900 2134 939 2198; x_wconf 81' lang='grc' dir='ltr'><strong><em>είς</em></strong></span> <span class='ocrx_word' id='word_1_110' title='bbox 962 2132 993 2190; x_wconf 81' lang='grc' dir='ltr'><strong><em>τὸ</em></strong></span> <span class='ocrx_word' id='word_1_111' title='bbox 1019 2139 1136 2192; x_wconf 84' lang='grc' dir='ltr'><strong><em>δεῖπνον</em></strong></span> <span class='ocrx_word' id='word_1_112' title='bbox 1157 2134 1250 2193; x_wconf 74' lang='grc' dir='ltr'><strong><em>ἐκεῖνο</em></strong></span> <span class='ocrx_word' id='word_1_113' title='bbox 1268 2137 1304 2194; x_wconf 85' lang='grc' dir='ltr'><strong><em>τὸ</em></strong></span> 
     </span>
     <span class='ocr_line' id='line_1_17' title="bbox 236 2223 375 2297; baseline -0.022 -15"><span class='ocrx_word' id='word_1_114' title='bbox 236 2223 375 2297; x_wconf 85' lang='grc' dir='ltr'><strong><em>ἀθεσμον.</em></strong></span> 
     </span>
    </p>
   </div>
   <div class='ocr_carea' id='block_1_9' title="bbox 658 2351 875 2442">
    <p class='ocr_par' dir='ltr' id='par_1_9' title="bbox 658 2351 875 2442">
     <span class='ocr_line' id='line_1_18' title="bbox 658 2351 875 2442; baseline 0 -23"><span class='ocrx_word' id='word_1_115' title='bbox 658 2352 766 2419; x_wconf 74' lang='lat' dir='ltr'><strong><em>cmx.</em></strong></span> <span class='ocrx_word' id='word_1_116' title='bbox 796 2351 875 2442; x_wconf 83' lang='lat'>(39.)</span> 
     </span>
    </p>
   </div>
   <div class='ocr_carea' id='block_1_10' title="bbox 214 2471 1302 3968">
    <p class='ocr_par' dir='ltr' id='par_1_10' title="bbox 232 2471 1302 3259">
     <span class='ocr_line' id='line_1_19' title="bbox 307 2471 1302 2545; baseline 0.002 -16"><span class='ocrx_word' id='word_1_117' title='bbox 307 2474 418 2531; x_wconf 82' lang='lat' dir='ltr'><strong>Schol.</strong></span> <span class='ocrx_word' id='word_1_118' title='bbox 442 2477 518 2532; x_wconf 87' lang='lat' dir='ltr'><strong>Ven.</strong></span> <span class='ocrx_word' id='word_1_119' title='bbox 541 2475 572 2528; x_wconf 91' lang='lat' dir='ltr'><strong><em>Il.</em></strong></span> <span class='ocrx_word' id='word_1_120' title='bbox 593 2475 657 2543; x_wconf 90' lang='lat' dir='ltr'>XII,</span> <span class='ocrx_word' id='word_1_121' title='bbox 681 2481 746 2530; x_wconf 76' lang='lat'><strong>292:</strong></span> <span class='ocrx_word' id='word_1_122' title='bbox 778 2471 906 2536; x_wconf 81' lang='grc' dir='ltr'><strong><em>Ἡσίοδος</em></strong></span> <span class='ocrx_word' id='word_1_123' title='bbox 935 2474 966 2531; x_wconf 67' lang='grc' dir='ltr'><strong><em>δὲ</em></strong></span> <span class='ocrx_word' id='word_1_124' title='bbox 992 2471 1130 2545; x_wconf 75' lang='grc' dir='ltr'><strong><em>Εὐρώπης</em></strong></span> <span class='ocrx_word' id='word_1_125' title='bbox 1158 2476 1207 2530; x_wconf 86' lang='grc' dir='ltr'><strong><em>καλ</em></strong></span> <span class='ocrx_word' id='word_1_126' title='bbox 1231 2474 1302 2540; x_wconf 78' lang='grc' dir='ltr'><strong><em>Διὸς</em></strong></span> 
     </span>
     <span class='ocr_line' id='line_1_20' title="bbox 234 2559 1300 2646; baseline -0.001 -26"><span class='ocrx_word' id='word_1_127' title='bbox 234 2560 324 2620; x_wconf 70' lang='grc' dir='ltr'><strong><em>αὐτόν</em></strong></span> <span class='ocrx_word' id='word_1_128' title='bbox 348 2584 443 2646; x_wconf 78' lang='grc' dir='ltr'><strong><em>φησιν.</em></strong></span> <span class='ocrx_word' id='word_1_129' title='bbox 485 2559 627 2634; x_wconf 75' lang='grc' dir='ltr'><strong><em>Εὐρώπην</em></strong></span> <span class='ocrx_word' id='word_1_130' title='bbox 654 2559 706 2633; x_wconf 87' lang='grc' dir='ltr'><strong><em>τὴν</em></strong></span> <span class='ocrx_word' id='word_1_131' title='bbox 736 2566 866 2628; x_wconf 87' lang='grc' dir='ltr'><strong><em>Φοίνικος</em></strong></span> <span class='ocrx_word' id='word_1_132' title='bbox 889 2561 961 2628; x_wconf 84' lang='grc' dir='ltr'><strong><em>Ζεδς</em></strong></span> <span class='ocrx_word' id='word_1_133' title='bbox 982 2562 1164 2635; x_wconf 82' lang='grc' dir='ltr'><strong><em>θεασόμενος</em></strong></span> <span class='ocrx_word' id='word_1_134' title='bbox 1187 2564 1219 2620; x_wconf 82' lang='grc' dir='ltr'><strong><em>ἔν</em></strong></span> <span class='ocrx_word' id='word_1_135' title='bbox 1245 2586 1300 2619; x_wconf 88' lang='grc' dir='ltr'><strong><em>τινι</em></strong></span> 
     </span>
     <span class='ocr_line' id='line_1_21' title="bbox 233 2648 1299 2725; baseline -0.001 -17"><span class='ocrx_word' id='word_1_136' title='bbox 233 2655 350 2725; x_wconf 78' lang='grc' dir='ltr'><strong><em>λειμῶνι</em></strong></span> <span class='ocrx_word' id='word_1_137' title='bbox 373 2650 443 2725; x_wconf 77' lang='grc' dir='ltr'><strong><em>μετὰ</em></strong></span> <span class='ocrx_word' id='word_1_138' title='bbox 466 2653 586 2724; x_wconf 87' lang='grc' dir='ltr'><strong><em>νυμφών</em></strong></span> <span class='ocrx_word' id='word_1_139' title='bbox 610 2649 688 2722; x_wconf 88' lang='grc' dir='ltr'><strong><em>ἀνθη</em></strong></span> <span class='ocrx_word' id='word_1_140' title='bbox 712 2648 907 2722; x_wconf 84' lang='grc' dir='ltr'><strong><em>ἀναλέγονσαν</em></strong></span> <span class='ocrx_word' id='word_1_141' title='bbox 931 2649 1061 2723; x_wconf 80' lang='grc' dir='ltr'><strong><em>ἠράσθη,</em></strong></span> <span class='ocrx_word' id='word_1_142' title='bbox 1084 2654 1134 2708; x_wconf 86' lang='grc' dir='ltr'><strong><em>καὶ</em></strong></span> <span class='ocrx_word' id='word_1_143' title='bbox 1151 2649 1299 2708; x_wconf 82' lang='grc' dir='ltr'><strong><em>κατελθών</em></strong></span> 
     </span>
     <span class='ocr_line' id='line_1_22' title="bbox 234 2738 1297 2813; baseline -0.001 -16"><span class='ocrx_word' id='word_1_144' title='bbox 234 2739 354 2812; x_wconf 77' lang='grc' dir='ltr'><strong><em>ἤλλαξεν</em></strong></span> <span class='ocrx_word' id='word_1_145' title='bbox 379 2738 483 2797; x_wconf 75' lang='grc' dir='ltr'><strong><em>ἑαυτὸν</em></strong></span> <span class='ocrx_word' id='word_1_146' title='bbox 508 2740 548 2803; x_wconf 86' lang='grc' dir='ltr'><strong><em>είς</em></strong></span> <span class='ocrx_word' id='word_1_147' title='bbox 571 2742 677 2810; x_wconf 77' lang='grc' dir='ltr'><strong><em>ταῦρον</em></strong></span> <span class='ocrx_word' id='word_1_148' title='bbox 700 2742 750 2796; x_wconf 80' lang='grc' dir='ltr'><strong><em>καὶ</em></strong></span> <span class='ocrx_word' id='word_1_149' title='bbox 773 2738 830 2797; x_wconf 84' lang='grc' dir='ltr'><strong><em>ἀπὸ</em></strong></span> <span class='ocrx_word' id='word_1_150' title='bbox 855 2742 905 2796; x_wconf 77' lang='grc' dir='ltr'><strong><em>τοῦ</em></strong></span> <span class='ocrx_word' id='word_1_151' title='bbox 929 2738 1066 2813; x_wconf 87' lang='grc' dir='ltr'><strong><em>στόματος</em></strong></span> <span class='ocrx_word' id='word_1_152' title='bbox 1083 2738 1188 2812; x_wconf 88' lang='grc' dir='ltr'><strong><em>κρόκον</em></strong></span> <span class='ocrx_word' id='word_1_153' title='bbox 1208 2741 1297 2797; x_wconf 73' lang='grc' dir='ltr'><strong><em>ἔπνει·</em></strong></span> 
     </span>
     <span class='ocr_line' id='line_1_23' title="bbox 234 2825 1299 2902; baseline -0.002 -16"><span class='ocrx_word' id='word_1_154' title='bbox 234 2825 325 2893; x_wconf 68' lang='grc' dir='ltr'><strong><em>οὕτως</em></strong></span> <span class='ocrx_word' id='word_1_155' title='bbox 348 2849 376 2885; x_wconf 88' lang='grc' dir='ltr'><strong><em>τε</em></strong></span> <span class='ocrx_word' id='word_1_156' title='bbox 406 2827 458 2900; x_wconf 81' lang='grc' dir='ltr'><strong><em>τὴν</em></strong></span> <span class='ocrx_word' id='word_1_157' title='bbox 482 2825 624 2900; x_wconf 75' lang='grc' dir='ltr'><strong><em>Εὐρώπην</em></strong></span> <span class='ocrx_word' id='word_1_158' title='bbox 651 2825 800 2898; x_wconf 81' lang='grc' dir='ltr'><strong><em>ἀπατήσας</em></strong></span> <span class='ocrx_word' id='word_1_159' title='bbox 828 2825 963 2901; x_wconf 76' lang='grc' dir='ltr'><strong><em>ἐβάστασε</em></strong></span> <span class='ocrx_word' id='word_1_160' title='bbox 989 2831 1038 2884; x_wconf 80' lang='grc' dir='ltr'><strong><em>καί</em></strong></span> <span class='ocrx_word' id='word_1_161' title='bbox 1066 2827 1299 2902; x_wconf 72' lang='grc' dir='ltr'><strong><em>διαπορθμεύσας</em></strong></span> 
     </span>
     <span class='ocr_line' id='line_1_24' title="bbox 234 2911 1299 2994; baseline -0.002 -18"><span class='ocrx_word' id='word_1_162' title='bbox 234 2919 275 2984; x_wconf 84' lang='grc' dir='ltr'><strong><em>είς</em></strong></span> <span class='ocrx_word' id='word_1_163' title='bbox 293 2916 408 2990; x_wconf 79' lang='grc' dir='ltr'><strong><em>Κρήτην</em></strong></span> <span class='ocrx_word' id='word_1_164' title='bbox 433 2916 513 2990; x_wconf 76' lang='grc' dir='ltr'><strong><em>ἐμίγη</em></strong></span> <span class='ocrx_word' id='word_1_165' title='bbox 538 2913 620 2988; x_wconf 69' lang='grc' dir='ltr'><strong><em>αὐτῇ.</em></strong></span> <span class='ocrx_word' id='word_1_166' title='bbox 658 2913 718 2972; x_wconf 84' lang='grc' dir='ltr'><strong><em>εἷθ’</em></strong></span> <span class='ocrx_word' id='word_1_167' title='bbox 743 2911 832 2980; x_wconf 75' lang='grc' dir='ltr'><strong><em>οὕτως</em></strong></span> <span class='ocrx_word' id='word_1_168' title='bbox 855 2915 1008 2994; x_wconf 71' lang='grc' dir='ltr'><strong><em>συνῴκισεν</em></strong></span> <span class='ocrx_word' id='word_1_169' title='bbox 1031 2913 1123 2987; x_wconf 76' lang='grc' dir='ltr'><strong><em>αὐτὴν</em></strong></span> <span class='ocrx_word' id='word_1_170' title='bbox 1139 2914 1299 2988; x_wconf 79' lang='grc' dir='ltr'><strong><em>Ἀστερίωνι,</em></strong></span> 
     </span>
     <span class='ocr_line' id='line_1_25' title="bbox 232 3001 1296 3081; baseline -0.003 -17"><span class='ocrx_word' id='word_1_171' title='bbox 232 3011 271 3081; x_wconf 79' lang='grc' dir='ltr'><strong><em>τῷ</em></strong></span> <span class='ocrx_word' id='word_1_172' title='bbox 290 3009 408 3078; x_wconf 79' lang='grc' dir='ltr'><strong><em>Κρητῶν</em></strong></span> <span class='ocrx_word' id='word_1_173' title='bbox 428 3009 548 3079; x_wconf 82' lang='grc' dir='ltr'><strong><em>βασιλεῖ’</em></strong></span> <span class='ocrx_word' id='word_1_174' title='bbox 564 3005 702 3078; x_wconf 81' lang='grc' dir='ltr'><strong><em>γενομένη</em></strong></span> <span class='ocrx_word' id='word_1_175' title='bbox 722 3006 753 3061; x_wconf 77' lang='grc' dir='ltr'><strong><em>δὲ</em></strong></span> <span class='ocrx_word' id='word_1_176' title='bbox 774 3004 873 3076; x_wconf 79' lang='grc' dir='ltr'><strong><em>ἔγκυος</em></strong></span> <span class='ocrx_word' id='word_1_177' title='bbox 892 3001 988 3076; x_wconf 74' lang='grc' dir='ltr'><strong><em>ἐκείνη</em></strong></span> <span class='ocrx_word' id='word_1_178' title='bbox 1006 3014 1080 3077; x_wconf 87' lang='grc' dir='ltr'><strong><em>τρεῖς</em></strong></span> <span class='ocrx_word' id='word_1_179' title='bbox 1098 3009 1205 3072; x_wconf 82' lang='grc' dir='ltr'><strong><em>παῖδας</em></strong></span> <span class='ocrx_word' id='word_1_180' title='bbox 1224 3005 1296 3076; x_wconf 76' lang='grc' dir='ltr'><strong><em>ἐγέν-</em></strong></span> 
     </span>
     <span class='ocr_line' id='line_1_26' title="bbox 233 3090 1295 3169; baseline -0.004 -15"><span class='ocrx_word' id='word_1_181' title='bbox 233 3117 311 3169; x_wconf 89' lang='grc' dir='ltr'><strong><em>νησε,</em></strong></span> <span class='ocrx_word' id='word_1_182' title='bbox 329 3100 442 3165; x_wconf 84' lang='grc' dir='ltr'><strong><em>Μίνωα,</em></strong></span> <span class='ocrx_word' id='word_1_183' title='bbox 462 3091 638 3165; x_wconf 83' lang='grc' dir='ltr'><strong><em>Σαρπηδόνα</em></strong></span> <span class='ocrx_word' id='word_1_184' title='bbox 657 3095 705 3150; x_wconf 84' lang='grc' dir='ltr'><strong><em>καῖ</em></strong></span> <span class='ocrx_word' id='word_1_185' title='bbox 716 3090 926 3164; x_wconf 75' lang='grc' dir='ltr'><strong><em>Ῥαδάμανθυν.</em></strong></span> <span class='ocrx_word' id='word_1_186' title='bbox 958 3091 976 3164; x_wconf 85' lang='grc' dir='ltr'><strong><em>ἡ</em></strong></span> <span class='ocrx_word' id='word_1_187' title='bbox 997 3094 1104 3166; x_wconf 89' lang='grc' dir='ltr'><strong><em>ίστορία</em></strong></span> <span class='ocrx_word' id='word_1_188' title='bbox 1122 3092 1192 3166; x_wconf 85' lang='grc' dir='ltr'><strong><em>παρ’</em></strong></span> <span class='ocrx_word' id='word_1_189' title='bbox 1208 3092 1295 3152; x_wconf 79' lang='grc' dir='ltr'><strong><em>Ἠσιό-</em></strong></span> 
     </span>
     <span class='ocr_line' id='line_1_27' title="bbox 233 3186 1008 3259; baseline -0.006 -18"><span class='ocrx_word' id='word_1_190' title='bbox 233 3188 274 3259; x_wconf 62' lang='lat' dir='ltr'><strong><em>‹tq›</em></strong></span> <span class='ocrx_word' id='word_1_191' title='bbox 293 3186 342 3241; x_wconf 85' lang='grc' dir='ltr'><strong><em>καλ</em></strong></span> <span class='ocrx_word' id='word_1_192' title='bbox 361 3187 529 3256; x_wconf 78' lang='grc' dir='ltr'><strong><em>Βακχυλίδῃ.</em></strong></span> <span class='ocrx_word' id='word_1_193' title='bbox 1004 3239 1008 3246; x_wconf 68' lang='grc'>,</span> 
     </span>
    </p>

    <p class='ocr_par' dir='ltr' id='par_1_11' title="bbox 214 3265 1299 3522">
     <span class='ocr_line' id='line_1_28' title="bbox 306 3265 1299 3344; baseline -0.002 -14"><span class='ocrx_word' id='word_1_194' title='bbox 306 3275 416 3330; x_wconf 82' lang='lat' dir='ltr'>Schol.</span> <span class='ocrx_word' id='word_1_195' title='bbox 440 3274 554 3343; x_wconf 83' lang='lat' dir='ltr'><strong>Eurip.</strong></span> <span class='ocrx_word' id='word_1_196' title='bbox 582 3273 668 3328; x_wconf 74' lang='lat' dir='ltr'><strong>Rhesi</strong></span> <span class='ocrx_word' id='word_1_197' title='bbox 691 3271 845 3328; x_wconf 69' lang='lat' dir='ltr'><strong>Vaticanus</strong></span> <span class='ocrx_word' id='word_1_198' title='bbox 873 3291 897 3328; x_wconf 86' lang='lat' dir='ltr'><strong><em>v.</em></strong></span> <span class='ocrx_word' id='word_1_199' title='bbox 923 3279 957 3329; x_wconf 86' lang='grc'><strong><em>28</em></strong></span> <span class='ocrx_word' id='word_1_200' title='bbox 984 3265 1090 3342; x_wconf 69' lang='grc' dir='ltr'><strong><em>δ’τόν</em></strong></span> <span class='ocrx_word' id='word_1_201' title='bbox 1116 3269 1299 3344; x_wconf 81' lang='grc' dir='ltr'><strong><em>Είρώπας]</em></strong></span> 
     </span>
     <span class='ocr_line' id='line_1_29' title="bbox 214 3357 1298 3435; baseline -0.004 -15"><span class='ocrx_word' id='word_1_202' title='bbox 214 3359 303 3435; x_wconf 81' lang='grc' dir='ltr'><strong><em>’παρ’</em></strong></span> <span class='ocrx_word' id='word_1_203' title='bbox 327 3358 437 3435; x_wconf 83' lang='grc' dir='ltr'><strong><em>Ὁμήρῳ</em></strong></span> <span class='ocrx_word' id='word_1_204' title='bbox 459 3359 530 3432; x_wconf 86' lang='grc' dir='ltr'><strong><em>πρὸς</em></strong></span> <span class='ocrx_word' id='word_1_205' title='bbox 549 3357 644 3431; x_wconf 84' lang='grc' dir='ltr'><strong><em>ὄρεσιν</em></strong></span> <span class='ocrx_word' id='word_1_206' title='bbox 669 3357 807 3430; x_wconf 68' lang='grc' dir='ltr'><strong><em>Εὐρώπης</em></strong></span> <span class='ocrx_word' id='word_1_207' title='bbox 830 3358 905 3416; x_wconf 85' lang='grc' dir='ltr'><strong><em>εἶναι</em></strong></span> <span class='ocrx_word' id='word_1_208' title='bbox 932 3357 981 3416; x_wconf 87' lang='grc' dir='ltr'><strong><em>τὸν</em></strong></span> <span class='ocrx_word' id='word_1_209' title='bbox 1004 3357 1189 3431; x_wconf 89' lang='grc' dir='ltr'><strong><em>Σαρπηδόνα.</em></strong></span> <span class='ocrx_word' id='word_1_210' title='bbox 1227 3358 1242 3418; x_wconf 89' lang='grc' dir='ltr'><strong>ὁ</strong></span> <span class='ocrx_word' id='word_1_211' title='bbox 1266 3359 1298 3416; x_wconf 65' lang='grc' dir='ltr'><strong><em>δὲ</em></strong></span> 
     </span>
     <span class='ocr_line' id='line_1_30' title="bbox 228 3445 1075 3522; baseline -0.004 -13"><span class='ocrx_word' id='word_1_212' title='bbox 228 3449 357 3516; x_wconf 86' lang='grc' dir='ltr'><strong><em>Ἡσίοδος</em></strong></span> <span class='ocrx_word' id='word_1_213' title='bbox 375 3448 536 3522; x_wconf 79' lang='grc' dir='ltr'><strong><em>Εὖρώπ(ης)</em></strong></span> <span class='ocrx_word' id='word_1_214' title='bbox 555 3450 608 3520; x_wconf 84' lang='grc' dir='ltr'><strong><em>μέν</em></strong></span> <span class='ocrx_word' id='word_1_215' title='bbox 627 3469 713 3520; x_wconf 87' lang='grc' dir='ltr'><strong><em>φησιν</em></strong></span> <span class='ocrx_word' id='word_1_216' title='bbox 732 3445 835 3520; x_wconf 71' lang='grc' dir='ltr'><strong><em>αὐτόν,</em></strong></span> <span class='ocrx_word' id='word_1_217' title='bbox 854 3445 892 3513; x_wconf 80' lang='grc' dir='ltr'><strong><em>ώς</em></strong></span> <span class='ocrx_word' id='word_1_218' title='bbox 906 3445 1075 3514; x_wconf 74' lang='grc' dir='ltr'><strong><em>Ἑλλάνικος.</em></strong></span> 
     </span>
    </p>

    <p class='ocr_par' dir='ltr' id='par_1_12' title="bbox 230 3539 1298 3968">
     <span class='ocr_line' id='line_1_31' title="bbox 305 3539 1296 3615; baseline -0.006 -17"><span class='ocrx_word' id='word_1_219' title='bbox 305 3543 350 3615; x_wconf 87' lang='lat' dir='ltr'><strong><em>[V.</em></strong></span> <span class='ocrx_word' id='word_1_220' title='bbox 371 3543 481 3598; x_wconf 86' lang='lat' dir='ltr'><strong>Schol.</strong></span> <span class='ocrx_word' id='word_1_221' title='bbox 506 3539 896 3610; x_wconf 79' lang='lat' dir='ltr'>ad11.x11,29211erm.].</span> <span class='ocrx_word' id='word_1_222' title='bbox 943 3540 1096 3594; x_wconf 88' lang='lat' dir='ltr'>Homerum</span> <span class='ocrx_word' id='word_1_223' title='bbox 1118 3539 1231 3594; x_wconf 69' lang='lat' dir='ltr'><strong>videtur</strong></span> <span class='ocrx_word' id='word_1_224' title='bbox 1257 3539 1296 3593; x_wconf 90' lang='lat' dir='ltr'><strong><em>in·</em></strong></span> 
     </span>
     <span class='ocr_line' id='line_1_32' title="bbox 231 3628 1298 3704; baseline -0.008 -15"><span class='ocrx_word' id='word_1_225' title='bbox 231 3635 367 3704; x_wconf 77' lang='lat' dir='ltr'>tellegere</span> <span class='ocrx_word' id='word_1_226' title='bbox 385 3628 602 3703; x_wconf 81' lang='lat' dir='ltr'>grammaticum</span> <span class='ocrx_word' id='word_1_227' title='bbox 620 3628 715 3684; x_wconf 79' lang='lat' dir='ltr'>nescio</span> <span class='ocrx_word' id='word_1_228' title='bbox 734 3645 831 3698; x_wconf 83' lang='lat' dir='ltr'>quem,</span> <span class='ocrx_word' id='word_1_229' title='bbox 856 3628 904 3697; x_wconf 90' lang='lat' dir='ltr'><strong><em>qui</em></strong></span> <span class='ocrx_word' id='word_1_230' title='bbox 923 3629 996 3683; x_wconf 81' lang='lat' dir='ltr'>male</span> <span class='ocrx_word' id='word_1_231' title='bbox 1019 3630 1221 3698; x_wconf 73' lang='lat' dir='ltr'><strong>interpretatus</strong></span> <span class='ocrx_word' id='word_1_232' title='bbox 1240 3629 1298 3681; x_wconf 70' lang='lat' dir='ltr'><strong><em>erat</em></strong></span> 
     </span>
     <span class='ocr_line' id='line_1_33' title="bbox 231 3715 1298 3786; baseline -0.007 -10"><span class='ocrx_word' id='word_1_233' title='bbox 231 3722 318 3776; x_wconf 81' lang='lat' dir='ltr'><strong>Rhesi</strong></span> <span class='ocrx_word' id='word_1_234' title='bbox 336 3721 430 3776; x_wconf 74' lang='lat' dir='ltr'>locum</span> <span class='ocrx_word' id='word_1_235' title='bbox 453 3720 488 3774; x_wconf 86' lang='lat' dir='ltr'><strong><em>de</em></strong></span> <span class='ocrx_word' id='word_1_236' title='bbox 510 3721 586 3774; x_wconf 76' lang='lat' dir='ltr'>terra</span> <span class='ocrx_word' id='word_1_237' title='bbox 604 3717 724 3785; x_wconf 76' lang='lat' dir='ltr'><strong>Europa,</strong></span> <span class='ocrx_word' id='word_1_238' title='bbox 762 3715 824 3771; x_wconf 81' lang='lat' dir='ltr'>Nisi</span> <span class='ocrx_word' id='word_1_239' title='bbox 841 3716 995 3770; x_wconf 82' lang='lat' dir='ltr'>Homerum</span> <span class='ocrx_word' id='word_1_240' title='bbox 1016 3718 1130 3786; x_wconf 72' lang='lat' dir='ltr'>poeIam</span> <span class='ocrx_word' id='word_1_241' title='bbox 1152 3716 1183 3770; x_wconf 89' lang='lat' dir='ltr'><strong><em>in</em></strong></span> <span class='ocrx_word' id='word_1_242' title='bbox 1206 3716 1298 3770; x_wconf 76' lang='lat' dir='ltr'>animo</span> 
     </span>
     <span class='ocr_line' id='line_1_34' title="bbox 231 3804 1297 3879; baseline -0.008 -13"><span class='ocrx_word' id='word_1_243' title='bbox 231 3811 346 3879; x_wconf 76' lang='lat' dir='ltr'>habuit,</span> <span class='ocrx_word' id='word_1_244' title='bbox 369 3809 403 3863; x_wconf 87' lang='lat' dir='ltr'><strong><em>de</em></strong></span> <span class='ocrx_word' id='word_1_245' title='bbox 423 3825 477 3879; x_wconf 90' lang='lat' dir='ltr'><strong><em>quo</em></strong></span> <span class='ocrx_word' id='word_1_246' title='bbox 496 3807 642 3862; x_wconf 80' lang='lat' dir='ltr'><strong>Proclus</strong></span> <span class='ocrx_word' id='word_1_247' title='bbox 665 3805 784 3876; x_wconf 76' lang='lat' dir='ltr'><strong>praefat.</strong></span> <span class='ocrx_word' id='word_1_248' title='bbox 808 3805 843 3858; x_wconf 76' lang='lat' dir='ltr'><strong><em>ad</em></strong></span> <span class='ocrx_word' id='word_1_249' title='bbox 861 3805 926 3858; x_wconf 81' lang='lat' dir='ltr'><strong>Hes.</strong></span> <span class='ocrx_word' id='word_1_250' title='bbox 944 3823 972 3874; x_wconf 86' lang='lat' dir='ltr'><strong><em>p.</em></strong></span> <span class='ocrx_word' id='word_1_251' title='bbox 993 3811 1008 3860; x_wconf 84' lang='lat'>6</span> <span class='ocrx_word' id='word_1_252' title='bbox 1028 3805 1113 3860; x_wconf 70' lang='grc' dir='ltr'><strong><em>θεῖοί.</em></strong></span> <span class='ocrx_word' id='word_1_253' title='bbox 1152 3805 1238 3875; x_wconf 82' lang='lat' dir='ltr'><strong>[Hinc</strong></span> <span class='ocrx_word' id='word_1_254' title='bbox 1255 3804 1297 3857; x_wconf 83' lang='lat' dir='ltr'><strong><em>in-</em></strong></span> 
     </span>
     <span class='ocr_line' id='line_1_35' title="bbox 230 3892 1296 3968; baseline -0.008 -14"><span class='ocrx_word' id='word_1_255' title='bbox 230 3899 352 3968; x_wconf 74' lang='lat' dir='ltr'>tellegm</span> <span class='ocrx_word' id='word_1_256' title='bbox 370 3896 476 3950; x_wconf 78' lang='lat' dir='ltr'>dictum</span> <span class='ocrx_word' id='word_1_257' title='bbox 495 3893 643 3952; x_wconf 78' lang='lat' dir='ltr'>Cedreni</span> <span class='ocrx_word' id='word_1_258' title='bbox 661 3894 732 3948; x_wconf 79' lang='lat' dir='ltr'>Hist.</span> <span class='ocrx_word' id='word_1_259' title='bbox 752 3909 843 3962; x_wconf 82' lang='lat' dir='ltr'>comp.</span> <span class='ocrx_word' id='word_1_260' title='bbox 862 3909 888 3960; x_wconf 87' lang='lat' dir='ltr'><strong><em>p.</em></strong></span> <span class='ocrx_word' id='word_1_261' title='bbox 906 3898 939 3948; x_wconf 93' lang='lat'><strong><em>10</em></strong></span> <span class='ocrx_word' id='word_1_262' title='bbox 958 3893 1001 3947; x_wconf 86' lang='lat' dir='ltr'><strong><em>ed.</em></strong></span> <span class='ocrx_word' id='word_1_263' title='bbox 1015 3892 1078 3948; x_wconf 79' lang='grc' dir='ltr'><strong><em>Βκε.</em></strong></span> <span class='ocrx_word' id='word_1_264' title='bbox 1111 3893 1146 3948; x_wconf 85' lang='lat' dir='ltr'><strong><em>V.</em></strong></span> <span class='ocrx_word' id='word_1_265' title='bbox 1164 3892 1296 3948; x_wconf 80' lang='lat' dir='ltr'><strong>Marck-</strong></span> 
     </span>
    </p>
   </div>
   <div class='ocr_carea' id='block_1_11' title="bbox 231 3985 490 4056">
    <p class='ocr_par' dir='ltr' id='par_1_13' title="bbox 231 3985 490 4056">
     <span class='ocr_line' id='line_1_36' title="bbox 231 3985 490 4056; baseline -0.015 -14"><span class='ocrx_word' id='word_1_266' title='bbox 231 3986 351 4044; x_wconf 72' lang='lat' dir='ltr'><strong>scheff.</strong></span> <span class='ocrx_word' id='word_1_267' title='bbox 369 4004 396 4056; x_wconf 85' lang='lat' dir='ltr'><strong><em>p.</em></strong></span> <span class='ocrx_word' id='word_1_268' title='bbox 417 3985 490 4056; x_wconf 73' lang='lat'><strong><em>201]⁸</em></strong></span> 
     </span>
    </p>
   </div>
   <div class='ocr_carea' id='block_1_12' title="bbox 654 4105 875 4195">
    <p class='ocr_par' dir='ltr' id='par_1_14' title="bbox 654 4105 875 4195">
     <span class='ocr_line' id='line_1_37' title="bbox 654 4105 875 4195; baseline -0.005 -20"><span class='ocrx_word' id='word_1_269' title='bbox 654 4107 745 4175; x_wconf 75' lang='lat' dir='ltr'>ccx.</span> <span class='ocrx_word' id='word_1_270' title='bbox 773 4105 875 4195; x_wconf 73' lang='grc' dir='ltr'><strong><em>(κιο.)</em></strong></span> 
     </span>
    </p>
   </div>
   <div class='ocr_carea' id='block_1_13' title="bbox 229 4229 1295 4395">
    <p class='ocr_par' dir='ltr' id='par_1_15' title="bbox 229 4229 1295 4395">
     <span class='ocr_line' id='line_1_38' title="bbox 302 4229 1295 4302; baseline -0.009 -11"><span class='ocrx_word' id='word_1_271' title='bbox 302 4235 457 4292; x_wconf 81' lang='lat' dir='ltr'>Clemens</span> <span class='ocrx_word' id='word_1_272' title='bbox 484 4233 663 4288; x_wconf 76' lang='lat' dir='ltr'><strong>Alexandr.</strong></span> <span class='ocrx_word' id='word_1_273' title='bbox 696 4231 795 4286; x_wconf 80' lang='lat' dir='ltr'>Strom.</span> <span class='ocrx_word' id='word_1_274' title='bbox 820 4229 840 4284; x_wconf 91' lang='lat' dir='ltr'><strong><em>I.</em></strong></span> <span class='ocrx_word' id='word_1_275' title='bbox 864 4248 891 4300; x_wconf 88' lang='lat' dir='ltr'><strong><em>p.</em></strong></span> <span class='ocrx_word' id='word_1_276' title='bbox 917 4237 966 4285; x_wconf 79' lang='grc'><strong><em>123</em></strong></span> <span class='ocrx_word' id='word_1_277' title='bbox 987 4229 1064 4300; x_wconf 81' lang='lat' dir='ltr'><strong>sylb.</strong></span> <span class='ocrx_word' id='word_1_278' title='bbox 1091 4231 1136 4302; x_wconf 85' lang='grc' dir='ltr'><strong><em>(Τ.</em></strong></span> <span class='ocrx_word' id='word_1_279' title='bbox 1155 4231 1190 4286; x_wconf 91' lang='lat' dir='ltr'><strong><em>II.</em></strong></span> <span class='ocrx_word' id='word_1_280' title='bbox 1215 4249 1243 4300; x_wconf 83' lang='lat' dir='ltr'><strong><em>p.</em></strong></span> <span class='ocrx_word' id='word_1_281' title='bbox 1261 4233 1295 4283; x_wconf 80' lang='lat'><strong><em>30</em></strong></span> 
     </span>
     <span class='ocr_line' id='line_1_39' title="bbox 229 4318 493 4395; baseline -0.015 -15"><span class='ocrx_word' id='word_1_282' title='bbox 229 4325 337 4395; x_wconf 84' lang='lat' dir='ltr'><strong>Dind.):</strong></span> <span class='ocrx_word' id='word_1_283' title='bbox 354 4318 493 4384; x_wconf 82' lang='grc' dir='ltr'><strong><em>Ἡσίοδος·</em></strong></span> 
     </span>
    </p>
   </div>
   <div class='ocr_carea' id='block_1_14' title="bbox 0 0 1456 4900">
    <p class='ocr_par' dir='ltr' id='par_1_16' title="bbox 0 0 1456 4900">
     <span class='ocr_line' id='line_1_40' title="bbox 0 0 1456 4900; baseline 0 3"><span class='ocrx_word' id='word_1_284' title='bbox 0 0 1456 4900; x_wconf 95' lang='lat' dir='ltr'><strong><em> </em></strong></span> 
     </span>
    </p>
   </div>
  </div>
 </body>
</html>
