2948 4906
394 1177 572 1276 ΕΡΓΑ
599 1177 722 1274 ΚΑΙ
749 1175 1031 1274 HMEPAI.

180 1533 334 1614 [Μοῦσαι
358 1533 560 1614 Πιερίηθεν,
583 1525 718 1616 ἀοιδῇσι
740 1533 926 1612 κλείουσαι,

251 1724 285 1780 V.
310 1729 414 1779 1-10,
458 1723 517 1777 Hos
544 1739 641 1778 versus
669 1723 750 1778 obelo
778 1723 901 1794 signavit
925 1723 1077 1793 Koechl,
1106 1723 1248 1778 eiecerunt

183 1797 305 1867 Spohn.
326 1796 444 1851 Steitz.
465 1795 614 1849 Schoem.
633 1793 678 1850 ΙΙ.
721 1794 762 1849 Cf.
782 1794 931 1850 Schoem.
950 1812 1020 1850 com.
1039 1814 1065 1866 p.
1087 1801 1133 1850 13:
1171 1794 1247 1864 „Nos

178 1867 355 1922 abHesiodo
379 1866 477 1935 utique
501 1882 548 1921 eos
573 1866 772 1921 abiudicandos
791 1882 851 1920 esse
875 1883 1030 1936 censemus,
1054 1883 1111 1921 non
1132 1866 1246 1934 quidem

217 2044 249 2098 V.
275 2051 378 2101 1-1o.
424 2044 485 2099 Hoc
511 2043 686 2114 prooemium

179 2115 268 2185 (quod
295 2115 507 2170 Hermannus
535 2115 572 2168 ad
600 2113 684 2184 Orph.

180 2206 207 2257 p.
232 2193 283 2242 689
311 2203 362 2256 pro
395 2185 529 2254 farrigine
562 2186 686 2240 habebat

181 2257 383 2312 sententiarum
398 2273 413 2311 e
431 2257 548 2312 diuersis
563 2257 685 2310 diversa-

148 2326 150 2334 ’
179 2347 243 2383 rum
265 2330 392 2384 aetatum
417 2328 598 2398 scriptoribus
623 2345 686 2382 con-

181 2400 305 2468 cinnata)
324 2417 380 2454 non
399 2399 560 2470 agnoscitur
573 2400 605 2452 ut
623 2415 686 2468 pro·

178 2470 286 2526 fectum
297 2471 333 2525 ab
344 2470 465 2525 Hesiodo
475 2487 493 2523 a
501 2468 686 2540 Praxiphane,

178 2541 369 2611 'Ilieophrasti
383 2540 519 2610 discipulo
534 2540 580 2608 (ef.
590 2541 687 2622 Diog.

179 2614 291 2667 Laert.
311 2612 344 2669 V.
360 2612 438 2682 Epic.
455 2612 503 2681 III,
519 2615 556 2679 9),
576 2612 612 2666 ab
626 2613 687 2666 An-

180 2685 305 2753 starch0‚
343 2700 360 2738 a
397 2682 687 2738 Pseudo-Herodiano

180 2755 257 2824 (περὶ
276 2773 354 2825 σχημ.
375 2771 408 2823 μ..
420 2761 462 2808 49.
482 2753 586 2822 Dind,
605 2753 687 2808 Rhet.

180 2827 213 2880 T.
232 2825 306 2880 VIII.
325 2844 352 2894 p.
372 2831 432 2881 586.
452 2825 566 2892 Walz.)‚
585 2842 603 2880 a
619 2825 686 2880 Pro·

181 2897 239 2966 clo,
258 2915 276 2952 a
289 2897 402 2952 Boeotis
422 2897 579 2950 Pausaniae
607 2913 687 2950 coae-

179 2969 222 3022 vis
255 2970 290 3036 (v.
324 2968 420 3022 Paus.
449 2967 502 3038 IX,
532 2968 577 3036 31)
610 2970 639 3021 et
671 2983 688 3021 a

179 3039 282 3094 Tuetza
301 3039 337 3094 ad
355 3039 382 3095 h.
397 3039 416 3093 l.
449 3037 490 3093 cf.
510 3037 687 3094 Thiersch.

177 3111 215 3164 de
229 3109 351 3164 Hesiodo
370 3128 396 3179 p.
414 3116 456 3164 31.
475 3109 517 3163 Fl.
537 3109 688 3180 Digamma

177 3199 206 3251 p.
222 3187 264 3236 61.
292 3181 397 3236 Abesse
412 3182 609 3235 autemtotum
622 3198 687 3263 pro-

176 3252 302 3306 oemium
320 3269 337 3307 a
354 3252 522 3321 quibusdam
545 3251 687 3306 codic1bus

178 3340 253 3378 nova
284 3323 412 3378 codicum
449 3323 599 3378 collatione
631 3340 687 3378 non

178 3395 320 3464 probatur.
340 3394 473 3449 Exsecuit
484 3392 685 3449 Brunckius.

180 3466 289 3535 Nempe
300 3483 343 3520 res
356 3466 398 3521 ita
412 3482 440 3519 se
456 3465 555 3520 habet:
570 3482 596 3520 v.
608 3471 686 3521 1-9.

177 3539 223 3590 est
232 3536 494 3605 hymnusinlovem
502 3538 557 3590 huc
566 3536 687 3591 trandu-

177 3609 234 3676 tus,
249 3609 281 3662 ut
289 3609 369 3663 vetus
383 3607 455 3662 illud
469 3609 574 3663 alove
588 3607 685 3676 prin-

177 3678 309 3748 cipium
338 3678 426 3733 etiam
453 3678 501 3733 hic
527 3681 686 3748 opportuna

739 2029 893 2130 θητυίμην.
917 2043 1156 2114 Ineptissimaest,
1172 2044 1247 2112 quod

740 2135 810 2183 τυνη
847 2115 882 2169 ad
920 2115 1016 2170 Iovem
1051 2114 1175 2184 pertiuet
1206 2117 1243 2183 (v.

739 2187 847 2255 Etym.
862 2185 899 2239 M.
914 2203 941 2254 p.
956 2192 1017 2255 314,
1028 2192 1075 2240 43:
1095 2185 1145 2239 καί
1155 2181 1246 2240 Ἡσίο-

740 2259 789 2318 δος
812 2287 847 2296 -
876 2257 959 2310 toves
984 2255 1122 2326 θέμιστας
1147 2252 1246 2326 Τύνη),

741 2327 786 2381 cui
807 2326 924 2381 ridicule
955 2327 1106 2396 opponitur
1134 2322 1188 2396 ἒηώ
1213 2326 1246 2383 δὲ

741 2399 925 2468 μυθησαίμην
939 2393 984 2453 ἄν.
1017 2398 1091 2451 Nam
1110 2399 1158 2466 qui
1176 2394 1246 2467 τύνη

741 2469 782 2524 ita
800 2468 980 2538 intellegunt,
999 2471 1031 2523 ut
1049 2469 1084 2523 de
1102 2469 1186 2523 Perse
1205 2469 1245 2523 di-

742 2542 818 2594 ctum
837 2539 882 2609 sit,
899 2555 952 2594 nae
971 2539 1029 2594 illis
1047 2556 1098 2609 pro
1111 2557 1177 2608 rege
1196 2541 1246 2594 ali-

742 2628 810 2680 quo,
833 2627 869 2665 ne
888 2611 981 2666 dicam
1000 2610 1066 2679 deo,
1089 2611 1175 2665 frater
1192 2611 1247 2665 He-

742 2682 813 2736 siodi
835 2699 895 2736 esse
918 2682 1055 2736 videatur.
1097 2682 1131 2737 V.
1156 2681 1246 2737 Twe-

742 2755 826 2809 steu.
852 2753 886 2807 de
904 2753 971 2808 Hes.
991 2753 1042 2824 Op.
1058 2754 1087 2808 et
1105 2752 1138 2808 D.
1157 2772 1184 2823 p.
1206 2759 1246 2809 13.

742 2825 955 2879 Hermannus
971 2823 1070 2894 Opusc.
1081 2824 1128 2880 VI.
1142 2842 1170 2893 p.
1185 2831 1245 2880 220.

741 2895 812 2964 τύνη
839 2896 911 2950 nihil
939 2912 998 2950 esse
1028 2895 1105 2950 aliud
1135 2895 1266 2951 dicebat

742 2985 827 3036 quam
845 2961 907 3020 ἀλλ’
927 2963 988 3035 ι’ίηε.
1025 2967 1079 3021 Vel
1103 2966 1127 3022 si
1151 2967 1247 3022 tumen

742 3038 922 3093 statuendum
950 3041 1025 3092 esset
1048 3035 1119 3106 τύνη
1147 3055 1247 3108 prono·

741 3110 816 3164 mine
841 3125 869 3164 se
893 3109 986 3178 ipsum
1007 3109 1162 3164 allocutum
1186 3127 1246 3164 esse

741 3180 907 3249 Hesiodum,
944 3181 1019 3250 quod
1053 3180 1101 3235 hic
1133 3180 1246 3250 quidem

741 3253 855 3335 propter
869 3251 996 3307 additum
1012 3247 1065 3321 ἐγὼ
1081 3249 1113 3306 θὲ
1128 3252 1247 3322 cogitari

741 3341 788 3378 v1x
815 3325 915 3392 potest.
963 3321 1030 3388 Quis
1059 3323 1134 3378 enim
1161 3327 1247 3392 poeta
1341 3353 1342 3356 =

740 3411 795 3448 uno
820 3394 974 3464 eodemque
997 3385 1122 3448 membro
1147 3393 1189 3449 ita
1211 3395 1246 3448 de

742 3482 771 3520 se
786 3467 814 3520 et
833 3465 955 3520 secunda
973 3468 1002 3520 et
1019 3464 1111 3534 prima
1128 3482 1246 3534 persona

741 3532 980 3606 loquatur,coivo1,
1000 3531 1054 3604 ἐγὼ
1074 3534 1125 3590 de‘?

775 3609 808 3662 V.
826 3614 849 3661 1.
878 3607 1244 3677 ΜούσαιΠιερίηθεν]

741 3677 911 3748 Spohnius
929 3679 993 3748 post
1006 3677 1123 3731 Μούσαι
1142 3678 1242 3732 distin·
1271 3673 1275 3686 '

178 3750 327 3819 praeberet
345 3750 427 3804 initia
442 3749 576 3819 poemati,
594 3752 627 3804 ut
644 3749 686 3804 vi-
738 3749 788 3818 xit,
808 3752 966 3818 Πιερίηθεν
987 3767 1050 3804 cum
1077 3748 1160 3803 δεῦτε
1179 3765 1244 3804 con-

178 3821 305 3888 debatur,
325 3817 469 3893 ἄκεφύλῳ.
493 3821 583 3876 Versu
597 3820 685 3874 ιλύθι
738 3820 857 3892 iungens
867 3822 902 3875 ad
912 3823 1035 3876 mentem
1045 3819 1169 3874 Tuetzae.
1190 3819 1245 3874 Sed

180 3886 251 3946 ἰθύν
278 3888 350 3946 dimo
378 3912 422 3960 τε,
450 3893 514 3963 δίκη
540 3886 569 3945 θ’
600 3894 684 3946 ἴθυνε
739 3896 855 3946 Μοῦσαι
869 3894 1027 3962 Πιερίηθεν
1040 3891 1182 3946 Ησὶυεὶο
1200 3908 1244 3945 re-

119 4007 122 4022 .
177 3961 316 4032 θέμιστας
334 3963 474 4018 clauditur
487 3963 608 4032 hymnus
626 3962 685 4031 ille,
739 3965 783 4017 cte
799 3966 864 4016 sunt
874 3964 998 4018 Pierides
1008 3963 1112 4031 Musae,
1127 3965 1159 4017 ut
1170 3962 1245 4031 apud

177 4035 212 4088 ut
239 4033 353 4104 Orphici
377 4041 401 4088 2.
421 4040 446 4087 4.
465 4038 491 4087 8.
515 4037 567 4088 etc.
611 4033 684 4087 Huic
738 4033 870 4088 Platon.
890 4034 921 4088 in
939 4035 1026 4104 epigr.
1046 4033 1106 4101 (Br.
1126 4034 1207 4089 Anal.
1223 4035 1243 4088 1.

179 4121 246 4159 vero
261 4106 363 4160 sciolus
378 4104 489 4173 aliquis,
504 4107 535 4159 ut
549 4104 684 4159 transitus
737 4122 763 4173 p.
776 4107 838 4173 171)
857 4104 959 4159 dicitur
973 4100 1086 4172 Σαπφὼ
1096 4101 1245 4176 Λεσβόθεν

177 4176 258 4230 fieret
276 4176 312 4231 ad
326 4175 443 4230 Hesiodi
461 4192 557 4244 opera,
574 4192 684 4230 versum
739 4177 768 4229 et
791 4175 966 4244 Μεγαρόθεν
990 4173 1146 4244 Εύιιίείθης
1170 4175 1246 4244 apud

176 4247 385 4332 ineptissimum
411 4252 444 4300 10
469 4245 584 4301 adiecit:
603 4243 683 4316 τύνη,
738 4246 871 4300 Platon.
885 4247 989 4303 Phaed.
1004 4265 1031 4316 p.
1043 4251 1085 4300 59.
1101 4247 1130 4301 C.
1150 4240 1245 4314 Δημό-

177 4313 235 4385 ίηω
255 4317 286 4372 δέ
303 4338 345 4387 κε,
364 4316 468 4385 Πέρση,
489 4312 613 4387 ἐτήτυμα
632 4337 683 4388 μυ·
741 4336 819 4380 νικος
833 4313 1025 4387 Ἀλωπεκῆθεν
1040 4333 1085 4386 ap.
1099 4316 1244 4372 Boeekh.

232 4417 333 4459 Hnsmu.
349 4417 382 4456 cd.
398 4415 509 4466 Gottling.
999 4411 1030 4459 12
