2904 4900
246 293 311 362 302
690 295 866 352 HESIODI

244 471 311 510 narn
338 456 457 524 utroque
484 454 547 510 looo
564 455 676 510 Nothns
703 457 747 511 ost
769 455 914 526 proprium
937 473 1052 526 nomon,
1080 457 1104 512 si
1126 459 1203 513 reete
1226 457 1311 513 hebet

246 543 396 614 scripture.
433 543 592 599 Eusteth.
617 543 691 598 enim
714 544 751 599 ed
773 545 806 599 Π.
829 563 857 615 p.
882 551 933 600 228
958 548 987 601 et
1006 543 1118 601 Schol.
1136 545 1207 601 Ven.
1226 546 1259 601 Il.
1277 547 1310 614 Π,

244 638 297 687 311
326 631 424 700 Ζῆθον
452 631 559 688 addunt
585 632 745 688 nominibus
768 633 803 688 ab
822 634 982 690 Herodiano
1005 633 1141 704 laudatis,
1165 635 1243 689 ouius
1261 635 1311 688 im-

245 735 399 776 memorem
417 719 502 776 fuisse
519 720 711 776 Herodianum
729 721 831 776 mirum
853 725 934 779 esset.
973 721 1108 794 [Νοῦθος
1125 719 1239 793 κόριον,
1264 723 1312 778 καλ

245 804 352 880 ψόῳος,
371 802 407 880 ἣν
426 805 504 864 οἶδεν
519 804 647 872 Ἡσίοδος
665 804 697 864 ἐν
714 812 797 883 τρίτῳ
818 843 852 852 -
872 810 982 881 soripsit
1000 828 1015 866 o
1034 812 1195 867 coniectura
1212 811 1312 866 Lehr-

246 898 290 953 sii
306 897 419 953 Lentz.
438 897 625 954 Herodian.
644 897 679 954 H.
697 917 724 969 p.
744 897 804 955 947.
843 899 882 956 cf.
902 899 923 956 I.
942 919 969 970 p.
989 899 1062 971 144]

680 1060 762 1127 ixi.
791 1059 873 1151 (το.)

317 1181 551 1254 Harpoorotio
573 1202 600 1254 p.
626 1189 690 1239 191:
713 1184 948 1254 Μακροκέῳαλοι.
982 1179 1117 1254 Ἀντιῳῶν
1141 1179 1173 1240 ἐν
1191 1183 1229 1258 τῷ
1249 1183 1313 1253 ττερλ

248 1267 391 1343 ὁμονοίας.
415 1267 501 1334 ἔθνος
526 1267 603 1327 ἐστὶν
626 1268 700 1329 οὕτω
723 1269 914 1344 καλούμενον,
938 1265 973 1328 οὗ
996 1272 1046 1328 καλ
1060 1269 1189 1336 Ἡσίοδος
1207 1269 1240 1329 ἒν
1258 1274 1312 1343 τρί-

248 1381 287 1435 τῳ
305 1361 450 1432 γυναικῶν
468 1358 616 1435 καταλόγῳ
635 1362 781 1433 μέμνηται.
818 1362 974 1419 Hesiodum
987 1358 1234 1434 Μακροκαρήνονς
1253 1380 1314 1418 eom

250 1453 365 1521 gentem
396 1467 510 1507 vocasse
542 1451 656 1507 ooniioit
686 1449 880 1508 Meinekins
912 1452 949 1507 ad
980 1451 1139 1521 fragmenta
1165 1452 1314 1507 Menandri

244 1557 273 1610 p.
289 1546 332 1596 11.
369 1538 425 1596 Sed
443 1539 531 1596 etiem
543 1539 574 1594 in
592 1539 756 1610 Theogonis
769 1558 795 1595 v.
810 1545 861 1595 287
887 1539 989 1612 optimi
1006 1540 1243 1598 codiceshnbent
1259 1561 1312 1610 τρι-

245 1627 372 1699 κέφαλον
390 1645 441 1698 pro
459 1622 637 1698 τρικάρηνον.
675 1628 721 1685 sie
738 1629 916 1700 Aristoph.
939 1629 991 1700 Eq.
1015 1636 1068 1686 418
1090 1629 1178 1684 habet
1195 1647 1311 1704 κνγοκε-
1376 1683 1387 1704 ρ

246 1711 341 1790 ῳόλῳ,
364 1717 439 1786 quod
463 1716 572 1772 duobus
589 1720 605 1769 λ
622 1717 817 1786 pronuntiasse
834 1717 947 1774 Atticos
965 1716 1048 1774 testis
1066 1720 1109 1774 est
1126 1716 1311 1787 Phrynioh.

245 1805 334 1860 Bekk.
352 1805 457 1860 Aneod.
476 1823 504 1875 p.
524 1811 566 1862 49.
603 1805 641 1859 Et
657 1803 700 1860 ita
716 1806 803 1861 hebet
820 1805 965 1877 inscriptio
979 1806 1075 1864 Attice
1092 1805 1226 1862 Mercurii
1245 1823 1311 1874 qus·

246 1893 389 1949 drifrontie
416 1894 493 1964 opud
514 1894 670 1952 Eustoth.
692 1894 725 1950 ll.
744 1913 771 1965 p.
792 1900 876 1950 1353:
896 1891 984 1966 Ἐρμῆ
1008 1893 1200 1966 τετρακέφᾶλε
1224 1892 1312 1950 καλόν

247 1984 452 2053 Τελεοαργίδοο
467 1980 557 2053 ἔργον.
583 1981 623 2040 Of.
639 1982 761 2039 Osann.
776 1985 881 2040 euoter.
897 1984 951 2040 lex.
965 2002 993 2055 p.
1010 1989 1070 2040 155.
1102 1983 1168 2039 Alio
1181 1983 1310 2055 exemplo

244 2091 272 2129 v.
292 2071 368 2142 opud
385 2071 560 2128 Mnetzell.
584 2071 619 2126 de
641 2073 751 2128 emend.
776 2073 882 2145 Theog.
901 2091 929 2144 p.
948 2080 1009 2130 451.
1047 2073 1121 2145 [Huc
1138 2073 1263 2144 pertinet
1279 2073 1311 2128 fr.

245 2160 333 2217 LXV:
352 2159 513 2216 V..Herm.
532 2160 552 2215 l.
570 2159 590 2217 l.
609 2179 636 2231 p.
655 2162 730 2232 259]

669 2322 770 2390 orn.
804 2321 885 2416 (οι.)

319 2444 429 2508 Schol.
448 2444 560 2515 Apoll.
582 2445 674 2500 Rhod.
697 2445 738 2514 H,
765 2450 829 2501 181:
851 2445 1041 2516 τετιηρῶαθαι
1063 2443 1095 2501 δὲ
1116 2444 1206 2502 Φινέα
1225 2444 1310 2516 (popolo

240 2527 372 2597 Ἡσίοδος
388 2564 424 2575 —-
444 2529 475 2590 ἓν
503 2532 536 2592 δὲ
559 2535 598 2608 τῷ
621 2528 646 2605 γ’
670 2531 860 2606 Καταλόγων,
886 2530 986 2604 ἐπειδὴ
1009 2531 1061 2590 τόν
1081 2531 1190 2606 μακρόν
1209 2531 1311 2606 χρόνον

245 2624 297 2693 τῆς
314 2618 409 2694 ὄψιος
426 2623 602 2695 προέκρινεν.
640 2623 680 2680 of.
699 2624 799 2694 fragm.
819 2624 995 2680 LXXXVIII.

663 2767 782 2834 nrm.
811 2766 894 2856 (τι.)

316 2889 474 2960 Apollon.
493 2889 590 2959 Dyeo.
609 2889 644 2944 de
662 2907 741 2962 pron.
760 2908 787 2960 p.
803 2896 868 2946 125:
887 2886 945 2946 ότό
964 2886 1020 2961 γὰρ
1036 2886 1168 2952 Ἡσιόδου
1188 2885 1221 2946 ἒν
1238 2885 1306 2960 ἀργῇ

247 2981 365 3034 τεθεῖσα
384 2976 472 3048 (σφὶν)
493 2973 616 3048 οόλόγαις
634 2973 825 3049 ὥρθοτονήθη
845 2976 877 3036 ἐν
895 2982 990 3054 τρίτῳ·

312 3085 398 3172 σφὶν
422 3081 453 3151 δ’
480 3081 595 3165 αὐτοῖς
617 3086 701 3173 μέγα
723 3089 824 3173 πῆμα.

246 3209 315 3279 οῳίν
333 3204 356 3263 τ’
376 3207 480 3264 Crem.
495 3209 600 3263 Aneod.
615 3207 665 3265 Ox.
680 3209 701 3265 Ι.
717 3228 743 3279 p.
758 3214 820 3266 388.
858 3209 965 3281 [Verbo
983 3209 1126 3282 Apollonii
1146 3209 1310 3265 Steitzius

247 3299 282 3354 de
302 3298 367 3353 Hes.
387 3296 468 3368 Oper.
488 3299 517 3353 et
534 3297 567 3351 D.
585 3315 613 3368 p.
633 3304 668 3353 44
687 3297 921 3368 Schaelorum‚
947 3299 1149 3370 Spohnium‚
1168 3298 1311 3354 Diodor-

246 3387 334 3442 fium
352 3389 462 3443 secutus
476 3387 513 3442 od
528 3385 609 3457 Oper.
628 3404 655 3442 v.
674 3391 709 3442 56
727 3387 820 3456 refert,
826 3419 833 3424 -·
839 3389 889 3444 ubi
907 3387 1016 3444 oodioos
1035 3391 1064 3444 et
1082 3388 1219 3444 editiones
1237 3387 1311 3442 mole

247 3470 337 3532 τρίτ’
361 3471 438 3550 αότςό
467 3476 607 3532 exhibent.
644 3475 816 3532 Adverestuo
839 3479 883 3533 est
905 3477 1054 3534 Sohoem.
1095 3477 1181 3532 Recte
1204 3477 1311 3546 Brug-

245 3583 365 3622 monns
384 3566 419 3620 de
437 3565 573 3636 problem.
591 3583 619 3635 p.
639 3569 674 3618 44
694 3561 725 3620 ἐν
749 3567 832 3636 τρίτῳ
855 3581 912 3620 non
929 3565 1043 3621 tertiam
1062 3563 1234 3637 pronominis
1251 3581 1312 3634 per·

249 3663 355 3726 sonam,
374 3658 424 3712 sed
443 3651 475 3711 ἐν
488 3657 570 3728 τρίτῳ
584 3647 759 3724 Καταλόγιον
772 3653 988 3724 grammaticum
1006 3653 1176 3709 intellexisse
1194 3652 1312 3721 monuit,

247 3763 302 3816 quo
322 3762 417 3801 omnes
436 3744 610 3801 coniecturas
628 3741 663 3797 de
678 3741 760 3813 Oper.
780 3761 805 3797 v.
821 3747 855 3797 56
873 3742 963 3797 foetas
980 3741 1098 3798 refutari
1116 3757 1186 3812 opus
1204 3741 1248 3798 sit
1277 3739 1310 3794 V.

245 3834 422 3890 Hermann.
442 3850 486 3903 op.
505 3831 552 3888 VI.
571 3849 599 3902 p.
618 3830 693 3904 tto]

667 3992 784 4060 mv.
812 3987 893 4079 (ιο.)

317 4109 551 4188 Harpocratio
576 4117 606 4170 et
628 4115 767 4171 Stridon
789 4110 846 4170 ὑπὸ
870 4114 925 4184 γῆν
947 4111 1098 4176 οἰκοῦντας
1120 4111 1198 4184 λέγοι
1221 4106 1258 4168 ἂν
1276 4141 1311 4154 ·-

246 4203 313 4271 τοός
330 4200 388 4262 όττό
405 4199 538 4260 Ἡσιόδου
553 4201 585 4261 ἐν
600 4206 681 4279 τρίτῳ
694 4200 845 4276 καταλόγῳ
859 4205 1057 4267 Κατοοόαίονς
1075 4197 1310 4273 ὀνομαζομένους.

163 4327 166 4336 ·
248 4295 424 4353 Addiderunt
440 4294 550 4350 Lehm.
569 4296 599 4350 et
616 4292 723 4349 Herm.
