2904 4900
639 241 746 292 ιυου.
1165 238 1230 304 359
1311 309 1315 316 Ι

236 400 321 462 ἐυιοι
335 396 396 482 μὲν
412 386 476 472 οὖν
492 392 596 464 αότδν
611 397 872 482 προγενέστερον
882 393 1044 462 Ἡσιόδου
1062 394 1167 480 φασὶν
1183 391 1228 460 εἰ-

148 523 231 569 ναι·
259 502 346 582 τινὲς
374 501 411 569 δέ
438 500 603 590 νεώτερον
635 503 691 570 καί
720 507 874 589 συγγενῆ.
920 503 1158 588 γενεαλογοῦσι
1194 498 1225 566 δ’

152 607 281 688 οὕτως·
306 607 514 688 Ἀπόλλωνός
542 629 625 695 φασι
653 611 707 676 καί
732 608 908 695 Αἰθούσης
930 612 989 694 τῆς
1011 609 1229 684 Ποσειδῶνος

91 749 94 752 ·
150 717 321 801 γενέσθαι
346 713 465 800 Λίνον,
489 720 598 782 Λίνου
622 715 659 782 δέ
678 721 817 801 Πίερον,
842 716 971 802 Πιέρου
995 712 1033 781 δέ
1055 714 1111 780 καὶ
1133 711 1228 798 Νύμ-

107 841 128 889 5
152 847 229 906 φης
251 817 424 904 Μεθωνης
447 826 606 907 Οἰαγρον,
631 818 782 905 Οἰάγρου
805 817 842 886 δέ
864 820 920 886 καί
944 816 1229 906 ΚαλλιόπηςΌρ-

152 927 240 1012 φέα,
261 923 406 1012 Ὀρφέως
429 925 466 992 δὲ
490 929 604 1013 Δρῆυ,
627 929 689 992 τοῦ
713 924 750 991 δέ
771 923 997 1011 Ἰαδμουίδην,
1020 929 1082 993 τοῦ
1107 924 1144 992 δέ
1170 931 1228 992 Φι-

86 1033 346 1118 315λοτέρπην,
378 1035 439 1099 τοῦ
474 1030 505 1098 δ’
540 1031 723 1118 Εὔφημον,
756 1036 817 1099 τοῦ
846 1029 877 1099 δ’
910 1029 1134 1118 Ἐπιφράδην,
1167 1035 1229 1099 τοῦ

155 1137 200 1205 δὲ
227 1137 456 1224 Μελάνωπον,
482 1137 605 1206 τούτου
629 1137 666 1205 δὲ
690 1145 778 1205 Δίου
801 1139 857 1205 καί
878 1135 1053 1224 Ἀπέλλην,
1078 1143 1168 1205 Δίου
1192 1137 1230 1205 δὲ

153 1245 218 1311 καί
245 1245 444 1332 Πυκιμηδης
472 1248 531 1330 τῆς
554 1242 762 1324 ’Λπόλλωνος
789 1242 959 1330 θυγατρὸς
981 1240 1141 1311 Ἡσίοδον
1172 1246 1228 1312 καί

93 1373 132 1421 10
155 1351 311 1436 Πέρσην,
332 1348 492 1418 Ἀπέλλου
515 1349 552 1418 δέ
570 1355 721 1435 Μαίονα,
745 1356 901 1429 Μαίονος
922 1350 959 1417 δὲ
980 1351 1036 1417 καί
1059 1349 1230 1439 θυγατρὸς

156 1459 319 1543 Μέλητος
340 1461 402 1524 τοῦ
425 1459 576 1543 ποταμοῦ
590 1454 747 1543 Ὅμηρον.
1160 1453 1166 1458 ’

249 1562 338 1642 τινες
366 1564 404 1631 δὲ
432 1562 642 1650 συνακμάσαι
671 1564 775 1658 φασὶν
800 1561 936 1648 αὐτοὺς,
962 1561 1041 1642 ω’ςτε
1063 1564 1119 1630 καί
1143 1561 1229 1649 άγω-

153 1676 323 1737 νίσασθαι
348 1667 451 1756 ὁμόσε
475 1672 511 1738 ἐν
535 1667 658 1738 Αὐλίδι
680 1673 739 1756 τῆς
760 1675 936 1749 Βοιωτίας·
959 1669 1147 1756 ποιήσαντα
1164 1667 1229 1757 γάρ

154 1773 221 1843 τὸν
249 1782 429 1864 Μαργίτην
449 1773 597 1863 Ὅμηρον
625 1777 860 1863 περιέρχεσθαι
886 1774 969 1843 κατά
997 1774 1096 1844 πόλιν
1120 1777 1230 1865 ῥαψω-

95 1903 132 1951 15
156 1887 303 1969 δοῦντα,
334 1881 480 1951 ἐλθόντα
504 1881 541 1950 δέ
563 1883 619 1949 καὶ
646 1883 680 1960 ἐς
703 1879 860 1969 Δελφοὺς
888 1883 963 1970 περὶ
989 1886 1048 1969 τῆς
1070 1884 1246 1968 πατρίδος,

14 1979 18 1990 ’
156 1985 267 2057 αὑτοῦ
289 1989 541 2074 πυνθάνεσθαι,
563 1995 614 2067 τίς
637 1997 700 2075 εἰη·
723 1986 785 2074 τὴν
809 1988 847 2055 δέ
869 1994 1010 2057 Πυθίαν
1035 1992 1153 2056 εἰπεῖν·

206 2119 298 2181 ἐστιν
313 2112 383 2192 Ἴος
404 2116 509 2198 νῆσος
531 2110 654 2200 μητρὸς
675 2119 803 2199 πατρίς,
826 2110 849 2198 ἥ
872 2131 909 2179 σε
932 2112 1087 2181 θανόντα
1248 2133 1283 2182 36

206 2221 343 2301 δέξεται.
388 2217 472 2287 ἀλλά
495 2222 583 2287 νέων
606 2222 737 2291 παίδων
761 2227 899 2305 αἰνιγμα
923 2218 1076 2305 φύλαξαι.

156 2343 222 2413 τὸν
246 2342 276 2411 δ’
303 2342 494 2411 άκούσαντα
516 2347 751 2430 περιίστασθαι
775 2341 836 2427 μὲν
859 2341 921 2427 τὴν
941 2347 988 2420 εἰς
1001 2341 1075 2410 Ἴον
1098 2342 1227 2429 άφιξιυ,

55 2477 57 2482 ·
96 2471 135 2519 20
159 2456 347 2537 διατρίβειν
372 2449 409 2517 δέ
431 2450 507 2537 περὶ
529 2447 591 2534 τὴν
615 2451 683 2516 ἐκεῖ
704 2448 826 2536 χάραν.
865 2446 947 2516 κατὰ
975 2448 1012 2517 δέ
1040 2447 1100 2516 τὸν
1124 2447 1229 2516 αὐτὸν

157 2557 288 2646 χρόνον
321 2554 504 2644 Γανύκτωρ
544 2555 720 2641 ἐπιτάφιον
751 2558 812 2622 τοῦ
848 2553 972 2641 πατρὸς
1000 2553 1229 2642 Ἀμφιδάμαν-

156 2690 227 2748 τος,
250 2665 414 2749 βασιλέως
432 2660 590 2747 Εὐβοίας,
616 2665 773 2729 ἐπιτελῶν
796 2658 923 2739 πάντας
945 2659 1023 2740 τοὺς
1047 2658 1230 2747 ἐπισήμους

158 2769 290 2858 ἄνδρας
319 2767 360 2837 οὐ
387 2767 496 2856 μόνον
525 2765 619 2855 ῥώμη
647 2768 703 2835 καί
725 2765 830 2853 τάχει,
857 2764 941 2834 άλλίι
964 2768 1019 2833 καί
1048 2772 1152 2857 σοφία
1176 2769 1229 2835 ἐπί

157 2874 221 2946 τὸν
251 2874 382 2963 άγῶνα,
411 2873 569 2961 μεγάλαις
592 2877 733 2961 δωρεαίς
754 2877 871 2959 τιμῶν,
896 2871 1125 2941 συνεκάλεσεν.
1171 2876 1227 2941 καὶ

100 3002 137 3050 25
160 2977 257 3054 οὗτοι
291 2975 355 3051 οὖν
389 2985 424 3050 ἐκ
455 2981 571 3068 τύχης,
605 2978 650 3059 ἰός
681 2998 781 3066 φασι,
813 2979 1040 3066 συμβαλόντες
1072 2978 1229 3066 ἀλληλοις

159 3084 272 3178 ἦλθον
297 3093 344 3168 εἰς
366 3089 428 3175 τὴν
452 3091 610 3155 Χαλκίδα.
656 3090 717 3155 τοῦ
746 3083 777 3153 δ’
803 3083 934 3171 άγωνος
961 3085 1059 3154 άλλοι
1081 3089 1120 3155 τί
1139 3114 1229 3168 τινες

145 3201 229 3282 Ιτων
262 3193 432 3281 ἐπισήμων
465 3195 659 3261 Χαλκιδέων
692 3193 888 3273 ἐκαθέζοντο
926 3193 1036 3279 κριταὶ
1067 3193 1122 3260 καὶ
1155 3193 1225 3280 μετ’

234 3375 267 3428 V.
287 3380 312 3428 2.
350 3367 392 3442 δ’]
412 3372 433 3426 F
452 3391 491 3426 τε.
520 3387 588 3426 corr.
607 3370 889 3426 Westermannus.

233 3444 267 3498 V.
288 3450 313 3498 3.
350 3437 525 3510 Αἰθούσης
557 3435 786 3506 Ε’καίθοάοης.
819 3458 887 3494 corr.
907 3440 1015 3496 Νίσου.

233 3513 268 3568 V.
287 3523 312 3570 6.
350 3513 500 3585 Δρῆν]1ἰ
532 3515 633 3580 Ορτην.
662 3509 880 3576 corr.Goettl.‚
901 3509 950 3579 qui
968 3510 1054 3565 etiam
1074 3512 1160 3566 verba
1177 3515 1228 3567 τοῦ

152 3584 195 3642 δὲ
215 3580 329 3641 Εὐκλέα
348 3584 594 3653 excidisse-putat.
616 3616 647 3626 -
660 3577 682 3635 Ἰ
687 3581 897 3653 αδμονίδην]
917 3577 1124 3651 Ε’Ἆρμονίδην.
1158 3599 1227 3640 corr.

161 3657 270 3713 Nietz.
291 3657 354 3712 coll.
373 3657 476 3710 Herod.
494 3656 527 3724 ΙΙ,
548 3660 607 3709 134.
626 3653 700 3722 ΡΙρλ.
719 3669 789 3708 mor.
807 3671 834 3721 p.
848 3657 908 3708 557.

234 3729 267 3783 V.
287 3735 312 3785 8.
347 3724 513 3798 Ἀπέλλην]
532 3727 554 3781 F
575 3720 741 3791 Ἀπελλαῖον,
758 3719 917 3778 Ἀπέλλαιον
936 3723 1066 3778 Goettl.

235 3799 268 3855 V.
288 3805 330 3854 10.
365 3793 531 3868 Ἅπέλλου]
551 3797 573 3850 F
593 3793 713 3863 Πέρσου.
742 3794 929 3849 σοιτΝἰελε.
958 3793 1033 3848 idem
1051 3793 1176 3849 restituit
1194 3794 1226 3851 δὲ

162 3868 212 3924 καλ
229 3864 374 3938 θυγατρὸς
392 3885 443 3937 pro
463 3865 494 3922 δὲ
514 3862 659 3936 θυγατρὸς
677 3866 725 3918 καί
745 3866 805 3920 οοδ.
825 3868 854 3920 εἰ
871 3865 932 3919 edd.

162 3941 329 4066 VIIIV.13.
366 3940 476 3994 Nietz.
504 3938 623 3993 correxit
642 3932 674 3991 ἐν
692 3938 812 3990 Χαλκίδι
826 3936 875 4004 τῆς
893 3930 1026 4005 Εὖβοίας.
1056 3935 1229 3992 Cf.Herma

235 4029 274 4135 δί.)
289 4088 330 4136 14.
367 4075 480 4150 πόλιν]
505 4078 545 4132 sio
563 4079 593 4133 F.
623 4076 749 4132 Goettl.
768 4073 871 4138 πόλεις.

236 4153 267 4208 V.
288 4159 330 4206 26.
367 4147 428 4220 τὴν
448 4167 501 4205 om.
517 4148 658 4217 Goettl„
677 4148 726 4230 qui
744 4150 809 4217 post
821 4148 950 4201 Χαλκίδα
969 4147 1093 4203 εδδίδίλε
1106 4142 1229 4219 Ὅμηρός

161 4241 192 4277 τε
212 4222 262 4276 καλ
276 4219 404 4284 Ἡσίοδος
422 4223 533 4275 secutus
552 4221 761 4274 Barnesmm.
