2958 4896
543 317 659 368 ιειιιΣ
678 316 914 369 senensem.
1208 315 1268 380 147

198 471 325 559 ἄνδρες
348 470 394 556 δ’,
417 477 453 539 οἳ
472 474 636 559 πρεσβῆες
660 474 739 536 ἔσαν
763 469 868 556 γῆροίς
890 495 925 538 τε
949 470 1136 558 μέμαρπον,
1218 487 1269 538 245

200 577 328 665 ἀθρόαι
353 583 513 645 ἔκτοσθεν
536 578 669 644 πυλέων
694 580 789 661 ἔσαν,
812 572 855 644 clv
880 575 918 644 δὲ
940 585 1061 646 θεοῖσι·

200 699 315 772 χεῖρας
338 688 416 769 ἕχον
438 683 636 771 μακάρεσσι,
659 684 736 769 περὶ
759 685 949 770 σφετέροισι
971 686 1100 752 τέκεσσι

202 791 377 870 δειδιότες·
400 791 453 859 col
477 787 511 857 δ’
537 782 615 857 αὖτε
639 787 749 877 μάχην
772 794 864 876 ἔχον·
888 795 926 858 αί
947 790 984 858 δὲ
1007 788 1077 878 μετ’
1103 787 1226 868 αὐτοὺς

201 901 313 984 Κῆρες
336 895 493 980 κυάνεαι,
516 892 655 974 λευκοὺς
677 893 861 983 ἀραβεῦσαι
886 892 1045 982 ὀδόντας,

202 1004 363 1072 δεινωπαὶ
386 1007 552 1088 βλοσυραί
570 1027 619 1088 τε,
643 1003 807 1089 δαφοιναί
825 998 855 1068 τ’
881 999 1027 1087 ἄπλητοί
1045 1028 1080 1070 τε
1220 1021 1273 1071 250

203 1213 285 1305 αἷμα
308 1217 412 1304 μέλαν
435 1217 555 1283 πιέειν·
580 1212 622 1282 ὃν
645 1214 682 1281 δὲ
705 1211 840 1310 πρῶτόν
864 1240 901 1300 γε
924 1212 1090 1301 μεμάρποι

275 1394 309 1450 V.
328 1399 390 1448 245.
427 1411 461 1447 τε
481 1390 678 1463 μέμαρπεν]
699 1390 744 1446 Sic
762 1392 824 1446 cod.
843 1391 906 1447 Per.
925 1393 956 1446 in
978 1408 1068 1462 marg.
1092 1409 1167 1448 men.
1187 1395 1213 1447 ΙΙ
1231 1414 1272 1462 γρ.

204 1465 294 1536 γῆρας
311 1459 339 1518 τ’
360 1459 539 1534 έμέμαρπτον
558 1462 634 1533 quod
651 1461 760 1518 librarii
778 1479 869 1518 errore
888 1463 1068 1518 obscuratum
1087 1465 1137 1518 est.
1173 1464 1273 1533 Neque

204 1537 289 1592 eliter
311 1535 386 1589 Mon.
411 1540 444 1588 91
473 1533 503 1587 in
527 1534 651 1590 scholiis.
693 1533 833 1588 Probatur
854 1536 953 1589 nostre
975 1534 1060 1590 lectio
1084 1533 1180 1589 codice
1203 1536 1276 1590 enti-

207 1605 343 1676 quissimo
361 1605 431 1674 Me,
450 1605 499 1674 qui
518 1607 547 1660 et
564 1605 624 1676 ipse
643 1623 673 1659 τε
693 1602 857 1674 μέμαρπτον
876 1605 977 1660 vitiose
996 1604 1132 1675 scriptum
1149 1606 1275 1675 praebet,

205 1683 235 1734 et
248 1678 309 1731 Me.
328 1677 359 1730 in
377 1692 433 1746 quc
447 1675 612 1746 μέμαρπτον
631 1674 753 1730 dilucide
771 1691 933 1744 expressum
952 1678 1001 1732 est.
1035 1677 1164 1732 Alteram
1182 1693 1274 1746 grem-

203 1747 374 1803 meticorum
392 1746 558 1815 scripturam
577 1748 671 1802 textus
690 1746 751 1801 cod.
766 1746 830 1801 Par.
850 1750 879 1801 et
895 1749 964 1802 note.
981 1764 1069 1817 marg.
1084 1748 1159 1801 Mon.
1175 1754 1207 1802 91
1228 1765 1275 1802 ex-

203 1820 305 1874 hibent
323 1813 397 1891 γῆρᾳ
415 1837 444 1871 τε
465 1819 500 1888 με’
522 1837 613 1886 αρται,
633 1833 705 1886 quae
718 1816 827 1886 placuit
840 1817 978 1874 Koechl.
1011 1818 1103 1872 Minus
1121 1821 1196 1873 recte
1211 1835 1275 1874 eum

204 1890 337 1946 Renkio
357 1888 482 1944 Gesttl.
501 1838 574 1953 igal.
590 1885 680 1958 γῆρας
698 1907 728 1942 τε
747 1886 895 1970 μέμαρπεν
914 1888 969 1944 scri
988 1892 1082 1944 serent
1101 1891 1226 1944 errantes
1244 1889 1274 1944 in

205 1978 249 2030 eo,
267 1961 343 2030 quod
356 1959 416 2016 Me.
432 1958 579 2029 μέμαρπεν
593 1961 727 2028 praebere
741 1961 948 2027 existimabunt,
1008 1962 1122 2029 streque
1136 1959 1244 2016 defensi
1257 1977 1276 2015 e

205 2032 360 2088 Brachio
378 2029 500 2086 Dielelrt.
523 2049 551 2099 p.
570 2036 631 2085 435.
670 2029 807 2096 Quertcm
831 2029 952 2100 denique
974 2031 1125 2088 lectionem
1149 2032 1276 2116 agnoscit

207 2102 372 2168 scholiasta,
390 2098 553 2171 μέμαρπτεν
572 2119 609 2156 sc.
630 2095 785 2163 edredesie
805 2100 893 2169 γῆρας
912 2097 977 2156 ἄντλ
999 2102 1049 2157 τοῦ
1070 2104 1275 2174 κατελαμβανε.

209 2173 342 2240 Quintum
359 2171 478 2226 immisit
496 2172 751 2228 Schoemennus
774 2167 863 2240 γῆράς
886 2166 915 2224 τ’
936 2167 1107 2243 έμέμαριτεν.
1146 2171 1276 2228 Ceterum

210 2244 245 2300 cf.
261 2243 386 2329 scholion
399 2243 488 2327 idom:
503 2239 534 2326 τῆ
550 2243 638 2328 γῆρας
652 2242 816 2313 κατέλαβον.
831 2262 873 2311 γρ.
887 2236 961 2316 μῆρα
976 2241 1008 2298 δὲ
1023 2243 1172 2314 μέμαρται,
1187 2240 1276 2313 ῆγαυν

208 2332 691 2466 μεμαῆῆνέέὲ.ωέῆιττῆῆέέῆῆςὸἱο
709 2400 773 2437 cum
792 2383 872 2440 codd.
891 2383 950 2438 Me.
966 2390 991 2440 3.
1010 2385 1087 2440 recte
1106 2385 1277 2466 scripsenmt

208 2455 308 2511 Wolf.
327 2456 431 2510 Borss.
452 2456 611 2524 Lennep.;
631 2455 705 2510 mele
724 2454 876 2510 Schoem.
895 2457 925 2510 et
942 2454 1081 2510 Koechl.
1101 2472 1164 2509 eum
1179 2455 1276 2512 Dind.

208 2527 381 2582 Heinrich.
402 2524 552 2594 ἔντοσθεν,
576 2527 652 2595 quod
670 2526 843 2582 intruserunt
861 2524 983 2594 librarii,
1004 2525 1154 2581 Homerios
1175 2526 1277 2582 descri-

208 2597 306 2668 ptione
320 2599 357 2666 (v.
371 2599 436 2666 515)
452 2597 575 2652 adducti.
608 2596 649 2652 ef.
663 2596 769 2652 scholis
782 2614 810 2666 p.
825 2602 859 2652 57
873 2596 977 2651 Renk.
1009 2596 1075 2651 Peri
1093 2597 1177 2652 modo
1191 2597 1277 2652 lectio

209 2688 236 2723 v.
251 2674 303 2722 245
322 2663 411 2737 γῆράς
430 2687 459 2722 τε
474 2667 637 2739 μὲμαρττεν
656 2669 692 2724 cb
710 2667 746 2721 iis
764 2665 890 2737 profecte
904 2669 955 2735 est,
974 2665 1022 2735 qui
1038 2667 1162 2722 eiusdem
1181 2685 1277 2724 versus

210 2738 353 2794 Homerici
371 2738 458 2795 verbe
472 2732 522 2802 οὓς
537 2737 583 2808 ἔχε
599 2739 687 2809 γῆρας
705 2738 752 2794 vel
767 2737 817 2793 Od.
831 2737 932 2806 XXIV,
947 2744 999 2793 390
1020 2732 1082 2793 ἐπεὶ
1100 2734 1173 2793 κατὰ
1189 2739 1278 2808 γῆρας

210 2808 340 2900 ἔμαρψεν
359 2810 512 2879 exprimere
530 2810 672 2866 volebant.
693 2839 726 2848 —
746 2811 820 2877 ἴσαν,
839 2808 913 2878 quod
928 2808 1078 2865 Wolfius
1097 2809 1210 2879 scripsit
1227 2826 1277 2880 pro

210 2899 280 2937 εταν
302 2880 516 2950 Renlriusque
538 2880 681 2950 probavit,
709 2880 756 2934 hio
779 2880 873 2934 locum
895 2895 950 2934 non
974 2881 1073 2947 hebet,
1101 2897 1164 2935 cum
1187 2897 1277 2950 neque

210 2952 375 3022 imperfecto
388 2967 478 3022 neque
492 2953 596 3008 eoristo
610 2951 690 3007 verbi
705 2950 806 3006 eundi
820 2949 866 3006 hic
880 2968 950 3021 opus
964 2952 1009 3006 eit.
1025 2981 1058 2990 —
1079 2945 1110 3006 ἐν
1125 2949 1157 3006 δὲ
1172 2953 1202 3005 e.
1218 2951 1278 3006 Mc.

282 3022 315 3079 V.
335 3029 395 3079 247.
433 3021 580 3092 σφετέροις
598 3022 723 3078 τεκέεσσι
741 3022 797 3076 Vl.

282 3095 316 3148 V.
336 3100 396 3148 250.
433 3093 616 3165 δεινωπαὶ]
649 3093 783 3148 δεινωταλ
809 3092 901 3162 Harl,
929 3092 1058 3148 δεινωτολ
1083 3124 1116 3134 -
1145 3094 1281 3164 βλοσυραί

212 3167 358 3235 (suprascr.
373 3165 412 3232 οί)
427 3183 455 3218 τε
471 3164 638 3234 δαφοινοίαι
651 3164 711 3219 Μ2.
727 3159 933 3234 -ἅπλητοι]
952 3165 1015 3219 Duo
1031 3163 1110 3220 codd.
1129 3180 1174 3233 ep.
1191 3165 1278 3218 Ren-

211 3237 306 3291 kium
325 3236 354 3290 et
372 3236 405 3288 A.
424 3235 457 3290 It.
476 3229 620 3304 ἄπληστοί.

283 3307 317 3361 V.
337 3311 397 3360 251.
436 3303 624 3376 ἔχοντεςΉ.

283 3377 315 3432 V.
336 3383 396 3430 252.
433 3396 468 3446 με
488 3372 678 3448 μεμάρποι]
708 3376 876 3446 scripsimus
896 3394 911 3432 s
930 3377 999 3434 coni
1019 3377 1167 3434 Deiters.
1187 3371 1277 3448 μἐμιί·

248 3536 280 3590 V.
301 3542 361 3590 246.
400 3534 587 3619 ἔκτοσθεν]
613 3534 718 3591 Conve·
772 3535 948 3606 γεινόμενον.
983 3538 1037 3592 Tot
1051 3535 1125 3591 enim
1140 3539 1209 3590 eunt
1223 3537 1281 3604 Κῆ-

213 3610 314 3670 nerent
331 3608 397 3660 onte
415 3610 511 3676 portes
529 3624 668 3673 seniores,
687 3609 719 3661 ut
773 3626 833 3676 ρες,
866 3611 936 3675 quot
966 3607 1043 3661 necis
1076 3609 1141 3660 sunt
1167 3621 1280 3676 genere.

213 3680 373 3747 spectarent
389 3677 513 3748 propius,
527 3677 718 3733 timidioribus
773 3677 938 3733 Simonid.
952 3681 1015 3732 Am.
1029 3678 1062 3730 fr.
1075 3678 1097 3744 Ι,
1107 3683 1141 3732 20
1147 3677 1192 3731 Β.;
1207 3672 1278 3731 ἀλλὰ

212 3749 323 3803 feminis
341 3749 418 3803 intre
435 3749 547 3804 moenie
563 3750 678 3805 relictis.
773 3750 872 3818 μυρίαι
896 3751 1019 3818 βροτοῖσι
1042 3748 1135 3816 Κῆρες
1163 3742 1280 3802 κολνεπί-

249 3819 282 3873 V.
298 3825 357 3876 249.
387 3820 516 3890 Κῆρες]
530 3820 653 3875 Multum
666 3819 719 3874 διί-
774 3838 895 3889 φραστοι
913 3815 982 3873 δύαι
1000 3819 1050 3872 καλ
1063 3814 1173 3888 πήματ’
1196 3815 1279 3875 ἐστίν.

214 3891 308 3945 ferunt
321 3907 339 3944 ιι
352 3890 448 3945 Parcis
461 3910 487 3946 v.
498 3896 550 3946 258
565 3908 631 3959 eeq.‚
648 3907 720 3959 queo
774 3891 807 3945 V.
823 3891 920 3947 adnot.
934 3892 972 3945 ed
985 3889 1090 3960 Theog.
1106 3896 1166 3944 217.
1201 3890 1281 3945 Oete·

214 3961 301 4015 vitem
320 3960 441 4016 efferunt
459 3965 489 4016 et
506 3963 639 4028 mortem
659 3962 719 4029 Κῆ-
774 3978 836 4014 rum
851 3961 945 4029 Κῆρες
963 3959 1083 4016 κυάνεαι
1102 3963 1168 4015 sunt
1187 3960 1280 4031 μέλαι-

214 4034 393 4099 ρεςαιαιιεαι
406 4032 719 4101 tentumesmquevio·
774 4051 835 4099 ναι,
859 4031 939 4086 utin
958 4033 1003 4101 epi
1040 4031 1281 4101 .Aeschyliin

214 4102 334 4168 leutem3
362 4104 465 4172 Κηριόν
495 4119 547 4157 nec
572 4119 720 4157 numerum
774 4102 920 4156 Brunck.
948 4104 993 4156 An
1023 4103 1070 4158 .1.
1088 4121 1115 4172 p.
1138 4109 1190 4158 148
1211 4121 1281 4156 κνα-

214 4188 266 4227 nec
284 4173 399 4229 nomino.
411 4172 492 4228 novit
505 4173 674 4228 Homerus
688 4174 720 4229 ll.
776 4171 827 4240 νέη
846 4177 952 4243 Μοῖρα.

215 4244 276 4312 XII,
294 4249 363 4298 326:
391 4244 484 4313 Κῆρες
499 4239 652 4330 ἐφεστᾶσιν
672 4264 721 4313 μο-
810 4244 844 4299 V.
859 4249 920 4298 252.
952 4239 1282 4313 πρῶτόνγεμέμαρ-

214 4316 284 4381 ρίαι.
307 4314 464 4385 XX111,us=
484 4308 719 4384 Κηρ,ῆπερλοίχε
775 4316 847 4384 ποι]
887 4316 948 4370 lem
967 4314 1127 4370 Lehrsius
1150 4313 1180 4367 P.
1201 4316 1234 4367 A.
1253 4333 1281 4384 p.

1014 4407 1069 4456 10*
