2948 4906
560 287 655 338 ΕΡΓΔ
673 287 738 340 ΚΑΙ
755 289 905 346 ΗΜΕΡΑΙ.
1205 292 1269 360 205

203 435 266 506 οὐκ
290 443 394 506 ἔσται·
416 438 538 524 βλάψει
563 438 595 507 δ’
622 438 765 522 ὁκακὸς
786 440 848 512 τὸν
871 441 1010 530 ἀρείονα
1033 448 1127 530 φῶτα

96 549 101 557 ’
201 542 346 630 μύθοισι
368 552 517 625 σκολιοῖς
539 547 679 633 ἐνέπων,
703 548 756 616 ἐπὶ
780 545 811 616 δ’
839 547 942 637 ὅρκον
966 547 1104 637 ὀμεῖται.

201 653 297 736 ζῆλος
321 647 354 716 δ’
380 647 618 736 άνθριόποισιυ
643 650 829 741 όϊζνροῑσιν
853 652 979 723 ἅπασιν
1219 677 1271 726 196

200 757 410 842 δνςκέλαόος,
432 755 636 845 κακόχαρτος
658 756 850 846 ὁμαρτήσει,
874 759 1096 849 στυγερώπης.

197 863 254 929 καὶ
272 860 346 930 τότε
366 860 408 948 δὴ
426 861 511 951 πρὸς
519 862 692 950 Ὄλυμπον
711 862 777 932 άπὸ
796 864 924 952 χθονὸς
942 865 1141 954 εὐρυοδείης

197 975 371 1035 λευκοῖσιν
394 971 556 1057 φαρέεσσι
578 972 803 1058 καλυψαμένα
826 971 911 1058 χρόα
933 969 1038 1040 καλὸν

198 1070 384 1142 ἀθανάτων
408 1073 489 1162 μετὰ
512 1079 625 1162 φῦλον
649 1083 722 1144 ίτον
745 1073 938 1161 προλιπόντ’
965 1074 1172 1162 ἀνθρώπους

199 1269 302 1393 PhilV.
323 1274 382 1324 193.
420 1265 524 1341 βλάψει
552 1269 585 1325 dt
612 1266 702 1334 κακὸς
728 1267 838 1326 Bentl.
866 1266 983 1341 βλάπτει
1017 1271 1146 1327 Schol.
1180 1274 1266 1344 Soph.

269 1410 303 1464 V.
325 1415 384 1464 195.
421 1404 511 1465 ἅπασι
529 1411 594 1466 Pan.

269 1480 303 1536 V.
324 1486 383 1535 196.
421 1481 593 1551 στυγερῶπις
611 1483 646 1538 ol.

269 1550 302 1605 V.
323 1557 471 1607 197-201.
508 1552 567 1607 Hos
585 1569 680 1608 versos
699 1569 716 1607 o
734 1552 850 1623 reliquis
870 1553 991 1608 seiunxit
1008 1553 1181 1610 Lehrsius.
1211 1553 1267 1610 Sed

197 1621 335 1676 concedet
356 1621 519 1678 Lehrsius
545 1622 641 1679 future
663 1625 793 1693 λείψεται
814 1625 844 1679 et
867 1621 967 1679 ἔσσετα
990 1641 1046 1678 non
1065 1625 1136 1679 bene
1154 1624 1267 1680 annecti

196 1692 352 1761 praeterito
375 1694 445 1760 ίτην.
480 1693 708 1763 Exspectandum
730 1693 770 1749 sic
793 1696 854 1750 erat
876 1695 1018 1749 λέλειπται
1041 1697 1071 1749 et
1098 1689 1181 1750 ἐστίν.
1218 1696 1268 1751 At·

198 1779 254 1832 que
272 1762 315 1816 ite
332 1779 382 1831 pro
402 1766 532 1833 λείψεται
551 1765 701 1834 legendum
720 1782 779 1820 esse
798 1767 924 1819 λείπεται
943 1764 1139 1834 suspicabatur
1155 1766 1265 1824 Herm.

270 1833 302 1889 V.
323 1839 382 1889 198.
419 1835 608 1905 tronciaco]
629 1836 688 1890 Mo.
708 1836 895 1891 ε1.λευιιοι”σι.
915 1867 949 1876 -
968 1831 1090 1906 φάρεσσι
1108 1837 1216 1892 Herm.

269 1903 303 1957 V.
324 1909 382 1960 199.
421 1905 506 1976 ίτον]
522 1904 1267 1976 SieBentl.Vollbehr.Lennep.Pol.Schoem.

197 1990 264 2028 cum
281 1974 338 2030 V2.
361 1974 393 2029 G.
418 1974 454 2030 el.
478 1975 586 2032 Proel
606 1976 780 2047 Moschop.
818 1977 873 2032 Sed
897 1978 956 2034 Mo.
980 1977 1042 2034 Per.
1066 1977 1123 2031 Vl.
1146 1978 1210 2032 Vnt.
1229 1979 1266 2035 al.

198 2046 274 2112 ἴτην,
301 2045 376 2112 qnod
400 2046 498 2100 tuetur
520 2048 632 2116 praeter
654 2046 834 2102 Lehrsium
857 2047 997 2104 Koechl.
1035 2047 1171 2103 Similiter
1190 2047 1266 2105 Sont.

197 2120 251 2170 990
274 2114 336 2171 edd.
357 2112 450 2169 ἔϊκτον
473 2133 524 2186 pro
549 2112 653 2185 ἐίκτην.
695 2117 806 2173 Schol.
831 2117 914 2187 Soph.
941 2117 1008 2173 Oed.
1028 2119 1057 2173 Ο.
1078 2125 1160 2174 1666ι
1189 2114 1266 2174 oldoi-

196 2203 285 2240 νατον
305 2181 375 2256 μετά
396 2187 487 2255 φῦλον
507 2188 579 2242 ίσαν.

199 2361 268 2416 sisse
281 2361 403 2418 libenter
415 2361 512 2418 video:
527 2361 617 2418 edidit
630 2361 705 2418 enim
760 2363 824 2432 dor,
848 2363 897 2417 scd
917 2378 985 2417 mox
1003 2363 1172 2432 relinquent.
1208 2365 1265 2420 Ite·

199 2433 256 2487 hoc
273 2433 357 2488 modo
381 2428 413 2486 lv
430 2434 522 2502 χερσί,
550 2432 600 2488 καί
618 2428 706 2496 clodo
760 2449 814 2502 qne
832 2450 888 2488 non
912 2432 1042 2489 assentiri
1064 2433 1133 2488 ltcet
1156 2433 1263 2489 Lehr-

199 2499 255 2557 σόιι
274 2501 379 2558 ἔσται.“
416 2503 472 2558 Sed
494 2503 524 2558 in
548 2504 591 2558 ed.
615 2504 705 2559 altera
758 2503 808 2559 sio
825 2503 844 2558 l.
859 2503 879 2557 l.
893 2521 919 2573 p.
936 2508 996 2572 232,
1016 2504 1065 2572 qui
1079 2522 1105 2558 v.
1122 2510 1262 2559 197—202

198 2573 327 2629 Gcettl.
351 2573 478 2644 postture
505 2574 623 2644 pristine.
646 2591 704 2629 ser-
758 2590 792 2629 ex
832 2574 890 2629 elie
925 2573 1087 2629 recensione
1129 2576 1265 2644 aetatum,

197 2647 267 2699 vato
290 2645 459 2700 sententiam
485 2662 616 2700 versuum
642 2662 703 2700 esse
757 2661 926 2714 quemnemo
939 2661 997 2700 non
1009 2644 1264 2715 integrnmhebeo-

199 2715 358 2784 suspicatus
373 2717 427 2770 est:
443 2714 490 2784 „in
504 2732 600 2770 eorum
614 2715 702 2770 meni·
756 2733 830 2784 mus,
859 2731 1002 2784 superesse
1030 2717 1108 2770 retus
1133 2716 1204 2770 hoec
1222 2716 1265 2770 di-

199 2786 252 2840 bus
270 2786 299 2854 (i.
313 2803 337 2841 e.
355 2782 386 2840 lv
402 2784 501 2854 ἔργοις,
520 2786 550 2840 in
568 2787 612 2855 iis,
631 2803 704 2855 quoe
758 2785 811 2842 cite
830 2786 908 2855 „Imo
922 2786 965 2840 illi
979 2802 1075 2841 versus
1090 2803 1124 2840 ex
1138 2786 1192 2840 teli
1204 2786 1262 2841 fere

199 2859 298 2926 agunt)
312 2874 404 2926 neque
417 2856 528 2912 iustitie
544 2873 635 2926 neque
652 2875 704 2926 pu·
759 2859 892 2912 contextu
904 2856 998 2912 relicti
1012 2859 1085 2925 sunt,
1102 2857 1206 2912 Arctoo
1225 2857 1261 2912 si·

199 2927 452 2996 dorsgnoscetur.“
473 2927 652 2983 Lehrsium
663 2943 705 2982 se·
758 2927 832 2982 mili:
851 2943 937 2982 sures
951 2929 1029 2982 cetos
1047 2927 1103 2982 fuit
1119 2929 1265 2996 preosten-

198 2999 279 3051 cntus
298 2999 341 3052 est
361 2997 509 3053 Schoem.
531 3015 600 3054 com.
619 3016 647 3068 p.
662 3004 711 3066 λλ,
758 2998 878 3065 tissime,
902 3001 964 3053 tum
987 2999 1122 3068 argentee
1138 2998 1197 3053 iam
1218 2999 1265 3054 de-

198 3067 339 3123 dubitavit
374 3069 446 3124 Pel.
496 3070 571 3124 Ante
602 3069 705 3124 Lehr·
759 3068 1199 3138 generanstumintrsvitferrce,
1208 3084 1265 3138 que.

197 3139 285 3193 sium
318 3142 348 3194 et
374 3139 598 3195 Dindorfium
627 3139 707 3195 idem
759 3140 802 3195 vis
827 3141 856 3193 et
878 3139 972 3194 omnis
993 3139 1070 3194 melo.
1093 3156 1127 3194 ex
1154 3139 1264 3195 sceleri-

197 3209 262 3334 ³³¹t
278 3212 468 3350 ledet.
475 3209 705 3350 9159919·
759 3210 1266 3336 lttttffitttttlttett

264 3323 269 3335 ι
344 3321 350 3334 0
694 3312 705 3322 ¹
1257 3324 1264 3350 p

196 3350 342 3405 beckius
357 3351 393 3405 nd
407 3353 450 3407 Ai.
469 3369 497 3420 p.
508 3358 560 3406 408
576 3281 705 3407 delitare
760 3370 775 3408 e
790 3351 890 3420 quibus
904 3350 1173 3421 solisillepoterent
1187 3369 1263 3407 coer·

199 3439 229 3476 se
242 3421 319 3490 dicit,
334 3423 427 3476 utrum
436 3423 544 3493 primae
554 3440 591 3476 en
603 3421 705 3478 tertiae
760 3423 830 3489 τεεί,
853 3424 949 3477 tristes
968 3423 1171 3490 discesserunt,
1189 3423 1265 3477 mola.

199 3491 397 3548 declinationis
415 3493 460 3549 sit.
484 3494 539 3549 Sed
554 3493 706 3548 secundum
760 3496 854 3548 nutem
886 3494 938 3548 ille
962 3496 995 3548 ut
1022 3492 1197 3560 reliquerunt
1226 3493 1265 3546 sic

199 3565 331 3618 occentus
354 3564 446 3633 legem
471 3567 514 3619 est
537 3565 657 3634 primee;
682 3562 706 3618 si
760 3563 1132 3630 relittnerunthominibns,
1146 3579 1198 3617 nec
1212 3563 1266 3616 erit

200 3628 332 3703 ἕριάπεα,
344 3634 455 3703 similia,
460 3635 649 3704 inveniuntur,
654 3633 705 3689 hn-
760 3634 809 3702 qui
822 3650 857 3689 eo
870 3633 1029 3688 defendet.“
1062 3633 1164 3701 Iteqne
1178 3633 1264 3687 Lehr-

198 3704 291 3760 bende
300 3706 365 3759 sunt
373 3703 404 3758 in
414 3705 596 3763 heteroclitis.
610 3705 705 3760 Etiam
759 3705 817 3759 sins
858 3704 1004 3774 praeteriti
1044 3703 1165 3758 formam
1203 3704 1264 3771 ίτηυ

197 3772 322 3846 Λυκάπη
351 3775 462 3831 dativus
493 3776 598 3848 legitur
629 3776 705 3845 opud
757 3775 970 3846 praeferendam
997 3776 1089 3846 putet.
1136 3773 1176 3828 ef.
1207 3790 1265 3828 om-

198 3846 319 3902 Herod.
340 3847 393 3914 ΙΙΙ,
409 3853 453 3904 55.
758 3846 824 3900 nino
854 3845 1026 3901 Schoem.
1055 3845 1075 3900 l.
1108 3845 1127 3898 l.
1159 3863 1187 3914 p.
1220 3850 1264 3900 28.

233 3917 266 3972 V.
279 3924 339 3973 199.
360 3917 444 3988 ίτον]
465 3917 503 3972 Et
515 3919 562 3973 hic
577 3917 702 3972 animad-
758 3915 877 3973 steitz.
893 3935 920 3987 p.
935 3923 977 3971 71.
1014 3917 1135 3971 Rzeeh.
1150 3915 1265 3971 Dialekt

197 3988 406 4043 vertefuturem
415 3985 704 4057 proesentisverbiei-
757 4005 784 4056 p.
800 3993 861 4043 438.
898 3987 1081 4043 Foerstem.
1101 3987 1119 4042 l.
1140 3988 1159 4041 l.
1178 4005 1205 4056 p.
1220 3991 1263 4041 43.

198 4078 229 4127 μι
247 4059 493 4130 significationem,
518 4076 590 4128 quoe
609 4075 703 4116 neces·
758 4057 889 4114 Ceterum
917 4058 1103 4124 masculinum
1122 4074 1215 4182 penus
1234 4056 1264 4110 in

199 4129 274 4184 serio
291 4132 335 4185 est
348 4131 462 4200 propter
479 4131 567 4185 totius
585 4130 641 4184 loci
660 4133 702 4185 te·
756 4125 926 4198 repetendus
952 4129 1050 4184 eodem
1075 4144 1121 4184 mo
1142 4145 1158 4182 o
1176 4127 1264 4182 hebet

198 4217 305 4257 norem.
340 4201 405 4255 Non
429 4200 504 4256 enim
529 4200 702 4271 reliquerunt
757 4202 843 4270 etque
867 4197 1003 4268 πληγέντε
1028 4199 1103 4268 apud
1130 4198 1263 4253 Homer.

200 4272 282 4340 (ἴτην)
308 4271 435 4326 homines
454 4271 582 4327 Nemesis
601 4275 629 4328 et
646 4272 702 4326 Pu·
756 4271 788 4326 Il
808 4270 885 4339 VIII,
909 4275 970 4326 455.
1008 4270 1126 4326 Notavit
1148 4270 1263 4339 propter
