2892 4902
1113 315 1228 362 XXXIX

151 481 219 522 men
238 462 445 538 composuisse
464 461 587 522 dieitur:
610 461 658 522 cui
676 463 780 520 tamen
797 465 902 537 postea
921 461 1024 522 addita
1043 465 1114 522 sunt
1136 481 1226 538 quae·

153 552 221 612 dam
244 569 300 626 pro
324 550 472 627 religione
495 550 697 610 Romanorum
720 550 866 626 paulatim
890 543 1063 631 excurtall).

242 638 360 709 Quodsi
382 657 454 699 vero
476 639 508 698 in
532 657 600 698 eum
622 639 721 713 finem,
745 657 834 715 quem
857 639 925 714 dixi,
948 639 1029 700 facta
1048 640 1223 716 Theogonis

153 733 212 803 est,
239 747 301 789 non
328 728 439 787 mirum
466 727 586 788 videtur
613 728 736 788 brevem
765 747 831 788 eam
858 728 966 802 fuisse,
999 747 1096 806 neque
1126 729 1158 788 in
1188 748 1225 789 ea

153 819 293 893 editione,
317 834 379 893 qua
395 835 449 876 nos
468 836 547 877 nunc
569 816 692 891 utimur,
716 835 841 892 magnas
866 835 932 878 esre
954 818 1078 878 lacunas
1101 817 1224 878 creden-

154 907 224 966 dum
258 908 313 966 est.
372 905 471 964 Unam
502 905 560 981 ipsi
593 907 631 965 ad
661 926 691 966 v.
725 907 788 966 206
820 905 1027 968 indicavimus.
1080 907 1125 966 De
1157 907 1221 968 loco

151 999 256 1054 eutem
279 994 410 1068 Manilii,
441 1013 476 1054 ex
500 1013 558 1070 quo
582 994 648 1072 quis
673 995 749 1054 alias
772 993 900 1055 fortasse
923 996 1047 1056 lacunas
1071 997 1234 1080 statuerit„

153 1087 234 1144 recte
258 1083 335 1144 dixit
357 1082 564 1143 Lobechius
587 1083 738 1160 Aglaoph.
761 1103 791 1159 p.
815 1085 893 1157 306,
923 1085 960 1144 de
983 1084 1127 1144 Nicandri
1149 1085 1221 1159 loco,

153 1174 239 1233 euius
258 1171 339 1232 idem
348 1171 517 1232 Lobeckius
527 1172 711 1233 memorfuit
723 1193 752 1248 p.
763 1173 837 1250 567,
852 1172 1047 1233 disseruimus
1057 1175 1095 1234 ed
1104 1193 1133 1234 v.
1148 1175 1222 1234 313.

153 1262 216 1321 Nee
240 1260 338 1322 Schol.
362 1259 487 1338 Gregor.
510 1261 542 1320 in
566 1259 663 1320 Catal.
686 1261 764 1321 Bibl.
788 1260 874 1321 Bodl.
897 1262 930 1320 P.
953 1261 976 1321 I.
1000 1283 1030 1339 p.
1053 1265 1110 1338 46,
1134 1263 1218 1323 cuius

153 1349 322 1411 Loheehius
345 1350 497 1423 meminit,
521 1349 646 1410 Hesiodi
669 1352 786 1409 textum
808 1351 934 1410 leounee
956 1355 1057 1427 potest
1080 1370 1222 1428 arguere:

152 1459 224 1498 nam
247 1438 299 1515 qui
318 1458 337 1498 a
353 1438 506 1498 Nicandro
526 1439 666 1499 dicuntur
685 1439 808 1498 Titanes
827 1459 886 1500 non
906 1439 1048 1499 differunt
1070 1458 1088 1499 a
1112 1440 1224 1517 Gigan-

153 1528 236 1587 tibus
255 1527 345 1588 istius
364 1528 545 1588 scholiastae
563 1518 605 1608 (v.
624 1526 796 1588 Gerherd.
817 1529 866 1588 die
885 1529 975 1588 zwdlf
986 1527 1093 1588 Gotter
1110 1549 1139 1605 p.
1155 1522 1221 1610 11).

155 1615 267 1676 Contra
284 1635 356 1677 vero
371 1616 578 1676 additamenta
600 1617 749 1692 quaedam
766 1617 967 1692 posteriorum
985 1619 1155 1693 temporum
1173 1619 1224 1678 ad·

154 1705 278 1764 haerere
302 1705 493 1780 Theogoniae
516 1704 684 1765 Hesiodeae
703 1705 897 1764 menifestum
920 1709 975 1764 est.
1020 1705 1103 1766 Haeo
1121 1708 1224 1766 autem

154 1813 189 1854 ex
213 1797 357 1870 quattuor
384 1793 532 1870 imprimis
560 1793 695 1853 fontibus
723 1793 887 1854 derivanda
917 1812 983 1854 esse
1006 1794 1160 1872 videntur3
1188 1813 1223 1856 eo

154 1884 284 1959 primum
307 1883 429 1958 quidem
452 1902 488 1942 ex
511 1882 693 1959 Theogoniis
716 1882 845 1942 aliorum
867 1885 1024 1958 poetarum
1047 1883 1222 1960 posterioris

154 1972 298 2047 temporis
326 1971 473 2047 quaedem
501 1972 560 2032 huc
588 1971 706 2030 adiecta
734 1989 800 2031 esse
827 1989 887 2030 non
910 1971 1020 2030 mirum
1044 1977 1103 2032 est:
1128 1973 1222 2032 Theo-

153 2061 260 2137 goniee
284 2060 364 2120 enim
387 2060 599 2120 adscribuntur
628 2058 718 2136 Cyclo
748 2060 830 2135 epieo
862 2051 904 2139 (v.
932 2058 963 2120 0.
987 2060 1034 2120 W.
1058 2061 1223 2122 Mueller.

224 2231 270 2298 22)
290 2229 367 2284 Idem
388 2231 526 2284 statuerat
545 2229 701 2284 lecker.
722 2229 767 2285 die
791 2229 879 2300 Myth.
899 2230 926 2285 d.
945 2217 1009 2312 lep.
1028 2249 1055 2300 p.
1075 2233 1141 2299 255,
1159 2230 1221 2286 inre

156 2301 295 2356 refutatus
314 2315 332 2353 a
349 2301 463 2355 Flach.
485 2299 595 2370 System
614 2300 640 2353 d.
660 2300 765 2356 hesiod.
785 2299 973 2370 Kosmogome
993 2318 1020 2370 p.
1045 2306 1075 2370 8,
1094 2302 1142 2371 qui
1166 2319 1222 2357 non

155 2371 311 2427 doctrinam
325 2371 523 2441 pontificalem,
537 2371 586 2425 sed
600 2374 706 2426 certam
722 2372 863 2440 quandam
873 2373 902 2426 et
917 2371 1089 2441 singularem
1098 2373 1221 2440 philoso-

154 2443 237 2512 phiae
261 2443 413 2497 formulam
429 2441 610 2512 Theogouioe
624 2443 748 2497 carmine
767 2442 904 2497 contineri
922 2442 1054 2510 ostendit,
1074 2443 1118 2496 oui
1136 2445 1222 2513 po'eta

153 2513 297 2584 populeris
319 2513 465 2583 religionis
492 2514 626 2583 dogmata
649 2513 816 2582 fabulasque
841 2511 961 2567 Graecas
988 2513 1073 2581 atque
1100 2514 1222 2569 Phoeni-

156 2586 211 2640 cias
228 2584 420 2640 immiscuerit
436 2613 470 2625 -
486 2586 576 2639 Antea
593 2584 650 2638 iem
670 2584 921 2639 Schoemannus
941 2600 985 2654 op.
1005 2600 1046 2639 ac.
1065 2583 1100 2640 ΙΙ.
1120 2603 1147 2654 p.
1167 2591 1219 2641 464

156 2662 242 2711 -474
261 2658 290 2710 et
308 2656 396 2726 praef.
417 2655 460 2711 ed.
480 2655 586 2725 Theog.
597 2672 624 2725 p.
638 2661 669 2709 13
681 2671 738 2724 seq.
775 2654 944 2725 Goettlingii
962 2654 1077 2724 eiusque
1096 2657 1216 2711 assecta-

154 2729 245 2782 torum
274 2725 410 2781 iudicium
437 2727 581 2796 refragare
608 2726 723 2781 studuit.
749 2757 782 2768 —
807 2727 913 2790 Verum
934 2725 1007 2781 vidit
1025 2727 1111 2780 etism
1129 2726 1219 2782 Wel·

158 2799 246 2853 cher.
273 2797 380 2867 Theog.
408 2815 437 2867 p.
462 2804 496 2853 70
519 2814 590 2866 seq.:
619 2796 693 2866 „Die
716 2797 877 2868 Theogonis
902 2797 1012 2852 enthalt
1034 2797 1139 2854 sodann
1158 2797 1220 2854 eine

156 2886 252 2938 grosse
270 2868 380 2923 Anzehl
403 2885 458 2924 von
476 2868 593 2937 Mythen
616 2868 673 2922 und
690 2869 831 2923 Personen
854 2868 931 2923 einer
948 2867 1052 2922 hochst
1069 2868 1222 2923 merkwdr-

154 2940 238 3010 digcn
257 2938 495 3009 Naturdichtnng,
514 2938 560 2994 die
574 2939 650 3010 aber,
669 2942 706 2994 ob
726 2939 800 2995 leich
815 2940 855 2994 sie
873 2939 903 2993 in
918 2939 973 2993 den
986 2939 1223 3011 genealogischen

155 3011 400 3080 Zusammenhang
423 3011 638 3080 ausgenommen
657 2959 732 3079 sing,
755 3009 828 3065 doch
852 3029 904 3064 nur
923 3009 965 3065 als
984 3010 1108 3064 einzelne
1126 3009 1223 3066 Bilder

153 3080 374 3153 volhsmltssiger
396 3081 548 3136 Phantesie
576 3080 644 3136 oder
668 3081 852 3152 allegorisohe
875 3081 1015 3136 Personen
1041 3100 1076 3135 zu
1101 3082 1222 3136 nehmcn

154 3153 230 3221 sind,
257 3152 315 3207 nnd
341 3152 576 3208 wahrscheinlich
600 3169 653 3206 nar
678 3170 740 3206 zum
763 3152 906 3207 lrleinsten
924 3152 1006 3207 Theil
1030 3152 1080 3208 das
1099 3152 1222 3208 Gemdth

155 3224 205 3278 der
222 3224 376 3279 Mensohen
395 3242 428 3278 nn
446 3223 546 3294 irgend
565 3223 641 3279 einer
659 3223 732 3291 Zeit,
757 3223 901 3294 irgendwo
919 3224 949 3277 in
967 3224 1017 3278 der
1034 3225 1087 3278 Art
1104 3224 1223 3279 berdhrt

154 3295 258 3363 haben,
283 3295 348 3350 dass
367 3293 407 3349 sie
430 3313 466 3349 zu
483 3294 629 3365 religiosor
648 3294 812 3365 Verehruug
830 3295 929 3350 hutten
948 3311 1071 3366 antegen
1089 3295 1157 3350 oder
1174 3295 1224 3350 auf

154 3366 202 3420 des
229 3367 325 3422 Leben
344 3365 409 3422 und
437 3366 567 3420 Handeln
589 3365 709 3419 Einfluss
735 3363 829 3420 haben
851 3365 971 3421 konnen.
996 3397 1029 3408 -
1056 3365 1147 3421 Schen
1170 3365 1222 3421 wir

153 3437 226 3492 euch
244 3454 301 3492 ron
319 3436 374 3491 den
388 3437 464 3492 alten
480 3437 598 3492 Goltcrn
617 3436 661 3503 eb,
681 3436 737 3490 und
751 3436 869 3492 werden
883 3436 935 3491 wir
952 3454 1004 3491 uns
1023 3455 1056 3490 zu
1074 3437 1128 3491 den
1147 3437 1223 3507 posi-

153 3509 231 3563 tiven
250 3508 370 3564 Gdttern
387 3508 445 3562 und
464 3509 622 3576 Damonem
650 3523 681 3561 so
705 3507 744 3560 ist
761 3507 934 3577 heineswegs
952 3506 992 3562 im
1010 3508 1119 3562 Voraus
1138 3525 1221 3562 anzu-

154 3580 288 3647 nehmen‚
312 3580 378 3634 dass
401 3580 477 3635 diese
500 3579 581 3634 mehr
602 3579 642 3632 im
665 3577 853 3634 hieratisohen
873 3578 967 3634 Geiste
991 3578 1145 3647 anigefasst
1163 3579 1221 3633 und

153 3649 308 3705 behandelt
331 3649 420 3718 scien,
446 3652 487 3705 als
505 3651 535 3704 in
554 3649 652 3705 freiem
675 3649 840 3720 poetischeu
859 3648 943 3704 Sinne
961 3649 986 3703 ir
1006 3649 1059 3704 end
1079 3649 1154 3705 eines
1172 3667 1221 3704 en-

153 3721 220 3776 dem
238 3721 386 3791 Epikers.“
405 3753 440 3762 -
459 3721 572 3776 Erravit
588 3721 689 3792 igitur,
709 3723 741 3775 ut
760 3720 885 3790 saepius,
904 3721 989 3775 Bern
1020 3720 1144 3789 ardyus
1162 3720 1181 3777 l.
1200 3722 1220 3775 l.

152 3791 171 3848 l.
190 3811 217 3861 p.
238 3798 305 3846 342:
326 3792 393 3862 „Ais
412 3791 488 3848 dieue
508 3809 599 3847 neuen
618 3791 770 3847 Gedanken
788 3791 818 3846 in
836 3792 881 3847 die
899 3791 1053 3847 Litteratur
1072 3791 1220 3860 eintraten‚

153 3865 279 3918 muesten
293 3864 333 3918 sie
347 3863 394 3918 die
404 3863 525 3934 Begriffe
535 3864 584 3918 des
599 3862 742 3918 sittlichen
752 3862 860 3918 Lehens
874 3861 955 3917 nicht
968 3863 1091 3932 wenigcr
1105 3863 1220 3932 andern,

154 3935 194 3989 als
214 3935 265 3989 das
280 3933 382 3989 Gebiet
400 3935 450 3990 der
466 3935 686 4004 theogonischen
700 3933 797 3988 Fabel.
834 3934 961 3990 Letztere
980 3934 1073 3989 verlor
1091 3934 1147 3989 viel
1165 3951 1221 3989 von

153 4005 200 4060 der
224 4005 461 4076 ursprdnglichcn
479 4006 589 4060 Plastik
611 4005 668 4060 und
691 4005 793 4060 naiven
813 4004 1013 4074 Sinnlichlreit‚
1032 4005 1135 4060 erhielt
1152 4006 1221 4059 aber

152 4076 238 4132 durch
267 4077 325 4132 den
351 4079 442 4132 steten
465 4077 572 4132 Zufluss
595 4075 767 4132 Asiatischer
790 4074 883 4146 Sagen
906 4075 987 4131 einen
1012 4076 1221 4146 unbegrenzten

153 4147 296 4204 Zuwachs.
338 4147 383 4202 Da
408 4148 448 4203 eie
475 4167 533 4203 nun
560 4147 685 4217 allseitig
712 4147 767 4202 den
794 4147 975 4216 prektisohen
1003 4147 1139 4203 Zweoken
1171 4146 1220 4200 des

152 4217 372 4274 Priestcrthumc
395 4219 503 4289 dicate,
531 4237 562 4274 so
587 4219 701 4273 worden
722 4218 783 4273 ihre
803 4217 890 4273 Stoffe
916 4219 1045 4288 geregelt
1062 4218 1119 4272 und
1138 4221 1222 4271 unter

152 4288 325 4361 Ordnungen
344 4289 420 4346 eines
439 4289 767 4360 ausammonhitngenden
786 4288 911 4359 Systems
930 4289 1073 4360 gestellt.“
