2904 4900
536 310 808 386 senonense

567 490 662 557 CCII.
691 489 771 579 (48.)

213 615 369 670 Eusteth.¹
388 615 420 668 ll.
441 633 468 684 p.
489 620 553 668 275:
573 613 622 667 καὶ
637 608 763 676 Ἡσίοδος
781 613 845 681 περὶ
864 613 995 682 Κηφισοῦ
1014 610 1101 682 λέγει’

185 719 258 800 ῦςτε
282 725 470 806 Λιλαίηθεν
492 721 624 807 προχέει
647 724 849 807 καλλίρροον
871 717 974 805 ὕδωρ.

139 845 196 900 Sed
225 845 271 899 hic
294 863 389 900 versus
413 861 476 898 eum
501 845 612 914 legatur
635 861 679 914 ep.
703 844 799 913 hymn.
822 843 912 898 Hom.
931 843 957 911 Ι,
976 849 1023 912 24,
1053 861 1086 899 ex
1111 843 1205 900 Schol.

138 934 210 989 Ven.
230 934 267 986 ud
285 934 316 987 ΙΙ.
336 933 371 1001 Π,
390 937 440 987 523
461 932 782 1018 concludasHesiodum
801 930 955 1000 scripsisse:

186 1037 258 1119 ῦςτε
282 1044 439 1127 Λιλαίησι
462 1043 571 1125 προΐει
594 1045 795 1126 καλλίρροον
818 1036 921 1125 ὕδωρ.

562 1234 674 1301 CCIII.
704 1233 784 1323 (50.)

214 1359 328 1414 Schol.
351 1357 491 1413 Pindari
515 1357 625 1428 Olymp.
649 1358 722 1414 XIV.
746 1359 874 1428 Argum:
912 1354 1040 1426 Κηφισὸς
1062 1357 1094 1414 δὲ
1118 1378 1207 1414 κοτα-

140 1444 195 1518 μὸς
219 1444 250 1502 ἐν
271 1443 441 1519 Ὀρχομενῷ,
470 1444 545 1502 ἔνθα
568 1447 617 1501 καλ
640 1445 673 1502 αἱ
693 1442 814 1516 Χάριτες
835 1445 983 1516 τιμῶνται·
1011 1443 1129 1511 ταῦταις
1151 1443 1206 1516 γὰρ

136 1533 291 1606 Ἐτέοκλος,
311 1533 326 1591 ὁ
346 1537 477 1606 Κηφισοῦ
497 1537 547 1591 τοῦ
567 1537 695 1608 ποταμοῦ
714 1531 785 1606 νίός,
803 1536 912 1605 πρῶτος
931 1532 1044 1605 ἔθυσεν,
1063 1529 1101 1599 ῦς
1119 1553 1207 1606 φησιν

135 1621 278 1688 Ἡσίοδος·
306 1622 354 1681 διὰ
379 1624 411 1681 δὲ
435 1627 485 1680 τοῦ
507 1621 674 1696 Ὀρχομενοῦ
699 1621 714 1680 ὁ
739 1621 868 1695 Κηφισὸς
891 1622 943 1695 dei.
985 1624 1029 1678 Ad
1051 1624 1207 1680 Hesiodum

138 1716 263 1786 respexit
275 1716 367 1770 forsan
381 1715 585 1770 Theocritus
600 1716 672 1783 XVI,
688 1721 752 1769 104:
773 1706 794 1768 ὦ
812 1708 979 1768 Ἐτεόκλειοι
993 1708 1114 1783 Χάριτες
1126 1715 1206 1783 θεαί,

139 1803 174 1860 ai
201 1799 343 1859 Μινύειον
369 1798 537 1875 Ὀρχομενὸν
566 1801 720 1872 φιλέοισαι,
752 1797 956 1874 οίκεχθόμενόν
983 1821 1059 1856 κοκα
1088 1796 1206 1874 Θήβαις.

139 1893 316 1962 Euphorio
329 1893 452 1948 Pollucis
466 1893 514 1962 IV,
529 1899 575 1949 95:
598 1887 765 1963 Ὀρχομενὸν
780 1892 948 1961 Χαρίτεσσιν
968 1885 1109 1961 οἶφαρίσιν
1124 1885 1207 1960 ὄρχη-

137 1981 241 2037 θέντα.
279 1981 454 2038 Ruhnken.

562 2108 672 2174 ooiv.
701 2106 781 2196 (α.)

212 2230 419 2298 Apollonius
442 2230 609 2299 Dyscolus
637 2231 672 2285 de
694 2229 905 2300 pronominibus
928 2248 955 2299 p.
977 2235 1027 2286 106
1051 2231 1084 2285 Α.
1104 2230 1206 2285 Beklut

138 2319 174 2388 ’τῇ
194 2317 239 2372 τίν
258 2314 411 2388 σῦζνχοςὴ
433 2321 473 2389 dv,
492 2321 542 2373 τοῦ
559 2327 575 2372 ἰ
591 2315 739 2388 ἀρθέντος.
773 2313 912 2380 Ἡσίοδος·

514 2429 548 2492 ἲν
573 2423 604 2491 d'
630 2422 720 2512 crispi
744 2423 898 2491 θανάτου
919 2429 1046 2511 ταμίης.

140 2567 201 2620 Ηοο
216 2567 406 2636 fragmentum
420 2566 454 2620 de
469 2565 649 2636 Endymione,
664 2565 762 2620 mortis
776 2582 841 2620 sues
855 2565 968 2634 arbitro,
986 2564 1208 2637 intellegendum

139 2671 200 2710 esse
219 2654 353 2708 discimus
372 2672 405 2709 ex
424 2655 614 2709 scholiasta
632 2654 761 2724 Apollon.
781 2654 871 2709 Rhod.
890 2653 942 2722 IV,
962 2659 1009 2708 ol:
1043 2650 1093 2710 τίν
1109 2652 1207 2710 Ἐνθο-

140 2744 232 2814 μίοονα
252 2739 379 2806 Ἡσίοδος
402 2741 454 2813 μὲν
475 2738 599 2798 Ἀεθλίου
623 2746 672 2799 τοῦ
693 2741 763 2807 Διὸς
785 2744 834 2798 καλ
853 2737 986 2812 Καλύκης
1009 2747 1099 2799 παῖδα
1118 2743 1207 2820 λέγει,
1251 2803 1253 2810 x

140 2828 219 2901 παρὰ
252 2829 322 2895 Διὸς
355 2828 492 2901 εἰληφότα
521 2834 613 2903 δῶρον
637 2829 726 2888 αῦτὸν
752 2836 856 2904 ταμίαν
880 2829 956 2886 εἶναι
983 2828 1129 2902 θανάτου,
1158 2827 1205 2888 ῦτε

139 2921 223 2978 θέλοι
241 2917 368 2978 ὀλέσθαι.
401 2922 584 2977 Rarissimum
602 2923 673 2977 illud
690 2923 719 2977 ἲν
738 2941 772 2978 ex
795 2925 848 2978 hcc
866 2921 983 2977 Hesiodi
1005 2923 1069 2976 loco
1086 2922 1209 2992 sumpsit

141 3012 310 3082 Hesychius:
322 3004 363 3065 Ἴν
379 3007 468 3082 αῦτῷ·
484 3007 571 3074 αῦτός
586 3007 671 3085 αῦτῷ.
699 3012 931 3067 Ruhnkenius.
959 3010 1031 3066 Vide
1046 3010 1208 3066 Soheefe-

142 3119 212 3156 rum
232 3101 268 3155 ed
284 3099 448 3169 Gregorium
468 3101 502 3155 de
522 3101 648 3156 dialectis
666 3119 693 3170 p.
709 3105 752 3170 85,
771 3100 819 3170 qui
838 3099 966 3154 additum
981 3115 1040 3155 esse
1058 3101 1141 3168 putat
1159 3093 1207 3154 ῦτε

141 3188 236 3261 μέλλοι
260 3184 391 3256 ὀλέσθαι,
414 3192 556 3259 receptum
580 3187 795 3244 aBoissonedio
819 3190 848 3244 et
864 3187 1114 3244 Merckseheffelio.
1153 3189 1208 3244 Sed

141 3295 197 3332 non
210 3276 357 3346 probabile
372 3279 415 3332 est
423 3277 574 3333 Hesiodum
588 3276 634 3331 hic
648 3275 742 3347 μέλλοι
756 3294 837 3330 usum
852 3292 913 3330 esse
927 3276 1072 3331 vocabulo.
1101 3277 1208 3348 [Schol

142 3366 299 3437 Apollon.
318 3365 348 3419 iu
366 3382 468 3422 recens.
487 3365 605 3421 Keilii:
624 3362 675 3421 τὸν
693 3363 725 3420 δὲ
741 3396 774 3404 -
794 3364 869 3433 λέγει
887 3381 941 3420 om.
961 3395 994 3405 -
1014 3361 1045 3421 τό
1066 3366 1158 3436 δῶρον
1179 3365 1209 3422 b

143 3451 219 3527 αῦτῷ
239 3471 291 3524 pro
310 3455 401 3524 δῶρον
415 3450 531 3528 αὑτὸν]

560 3579 654 3647 oov.
682 3580 785 3666 (239.)

215 3703 328 3758 Sohol.
347 3703 503 3760 Nicandr.
523 3705 605 3759 Ther.
626 3709 690 3758 452:
723 3705 802 3758 κτίλα
821 3696 868 3756 ἐπὶ
890 3702 947 3756 τῶν
969 3695 1082 3771 ἡμέραν
1100 3702 1149 3757 καὶ
1167 3723 1208 3757 τι·

142 3794 262 3849 θασσῦν
281 3795 393 3848 τίθεται
412 3823 445 3832 -
463 3792 512 3847 καλ
527 3788 666 3854 Ἡσίοδος·

370 3897 431 3986 χρὴ
455 3900 495 3966 δέ
516 3917 552 3966 σε
575 3899 674 3986 πατρί
698 3937 740 3947 -
763 3902 877 3965 κτίλον
901 3902 1047 3984 ἔμμεναι.

559 4093 668 4161 oevi.
696 4093 798 4182 (ios.)

215 4219 331 4274 Schol.
349 4217 462 4287 Eurip.
483 4216 571 4273 Orest.
590 4224 655 4272 249:
680 4215 851 4287 Στησίχορός
874 4235 974 4286 φησιν,
994 4212 1031 4279 ὡς
1048 4212 1131 4272 θῦσον
1149 4223 1209 4280 τοῖς

144 4310 229 4370 θεοῖς
257 4302 425 4375 Τυνδάρεως
449 4301 609 4374 Ἀφροδίτης
638 4299 802 4360 ἐπελάθετο.
840 4299 858 4374 ἡ
886 4303 917 4360 δὲ
945 4302 1017 4368 θεὸς
1044 4301 1211 4376 ὀργισθεῖσα

197 4407 300 4447 Rumon.
314 4405 348 4445 ed.
362 4404 473 4456 eotenus.
961 4400 994 4448 22
