2892 4902
1137 302 1202 350 XIX

136 454 288 531 antiquam
320 453 503 512 Plutarch.
535 451 617 528 Sept.
645 450 711 527 Sap.
741 449 832 511 Gonu.
862 451 915 510 19:
945 447 1099 527 Μιλησίου
1128 440 1202 530 (De-

134 543 237 604 modes
259 560 368 603 nomen
390 542 518 601 fortasse
542 543 619 615 erat,
642 561 670 601 v.
692 540 926 600 Eratosthenem
948 557 997 614 ap.
1019 540 1097 598 auct.
1122 537 1202 598 (lert.

134 652 162 707 p.
187 635 262 704 367,
286 633 341 703 21,
364 630 551 690 Westernr.
574 651 603 706 p.
626 632 678 704 42,
702 623 760 708 44)
787 621 859 708 γάρ,
888 619 927 699 ὥς
950 624 1058 700 ἔοικεν,
1081 620 1202 705 ἀνδρός,

136 709 159 805 ᾧ
186 719 283 792 ξενίας
312 712 464 778 ἐκοινοὶνει
485 711 626 790 Ἡσίοδος
652 715 703 777 οιαὶ
726 717 838 795 διαίτης
861 714 893 776 ἐν
916 719 1060 794 Λοκροῖς,
1087 717 1122 797 τῇ
1149 716 1202 777 τοῦ

122 805 221 880 ξένου
243 805 370 887 θυγατρὶ
377 799 403 890 ⁷)
425 801 526 886 κρύφα
545 803 762 887 συγγενομένου
780 803 829 865 καὶ
848 801 1043 885 ’φωραθέντος
1065 796 1203 882 ὑποψίαν

208 945 233 1012 7)
243 943 420 1012 Phegeus,
444 941 530 1008 (quod
549 956 651 995 nornen
668 939 773 1010 legitur
790 939 876 994 etiam
895 939 970 1009 apud
996 939 1086 995 Hom.
1110 939 1144 994 ss.
1166 939 1201 1006 V,

136 1020 178 1068 11.
199 1019 240 1068 15.
261 1012 420 1070 Herodot.
439 1012 486 1079 IX,
505 1019 548 1067 26.
586 1011 682 1082 Verg.
701 1012 770 1067 Aen.
789 1010 841 1079 IX,
861 1012 924 1080 766)
943 1027 1044 1064 nomen
1073 1011 1134 1065 erat
1152 1010 1202 1064 ho-

136 1085 211 1154 spiti,
229 1085 304 1140 filiae
319 1083 455 1151 Ctimene,
473 1082 546 1150 filiis,
565 1083 682 1137 Hesiodi
699 1081 936 1149 interfectoribus,
956 1081 1108 1137 secuudum
1127 1081 1202 1135 Aloi-

136 1157 310 1224 damantem,
344 1154 464 1226 Gorgiae
483 1154 666 1223 discipulum,
704 1154 741 1222 (v.
773 1152 894 1208 Certum.
919 1171 946 1221 p.
976 1159 1043 1222 867,
1078 1158 1112 1206 14
1140 1170 1201 1222 sqq.

136 1228 310 1282 Westerm.
325 1246 351 1296 p.
366 1232 409 1294 41,
425 1232 459 1280 26
474 1243 530 1294 seq.
568 1223 608 1278 cf.
628 1223 768 1279 Aristot.
788 1223 902 1278 Rhetor.
921 1223 956 1290 Il,
975 1229 1018 1278 23.
1055 1222 1201 1289 Vahlen,

137 1299 186 1352 der
204 1299 311 1352 Rhetor
329 1296 505 1362 Alcidamas,
524 1297 541 1349 i.
562 1296 721 1364 Sitzungsb.
741 1296 767 1350 d.
786 1295 901 1349 Wiener
920 1295 1004 1349 Aoad.
1026 1300 1102 1350 1863.
1122 1295 1201 1351 Tem.

136 1375 170 1424 43
188 1387 216 1438 p.
236 1373 389 1436 491-628)
408 1367 621 1437 Amphiphanes
645 1371 674 1421 et
692 1365 848 1435 Ganyctor,
872 1365 1024 1420 secundum
1042 1367 1203 1420 Eratosthe-

135 1457 201 1494 nem
220 1439 363 1494 Otimenns
386 1441 416 1494 et
433 1439 575 1508 Antiphus
594 1436 768 1506 Ganyctoris.
805 1437 885 1490 Hunc
909 1437 1021 1491 secutus
1047 1453 1107 1492 esse
1124 1436 1203 1491 vide-

135 1515 182 1564 tur
200 1510 344 1565 Pausan.
363 1509 416 1578 IX,
435 1513 483 1576 31,
503 1515 532 1576 6,
552 1509 601 1578 qui
619 1525 671 1578 pro
689 1508 802 1578 Phegea
820 1507 890 1563 item
909 1506 1098 1577 Ganyctetem
1116 1507 1203 1561 habet

135 1583 254 1650 patrem.
298 1581 344 1635 Sic
369 1580 445 1634 enim
469 1580 603 1650 intellego
631 1580 812 1646 Pausaniam3
840 1595 906 1632 nam
933 1579 1010 1646 quod
1036 1577 1084 1632 hic
1111 1577 1203 1632 addit:

136 1648 243 1705 osdrida
261 1646 435 1722 ἀσεβήσασιν
459 1646 489 1712 ἐς
508 1649 675 1703 Ποσειδῶνα
700 1645 814 1718 ἐγένετο
837 1649 870 1720 τῇ
890 1650 1049 1718 Μολυκρίδι
1068 1650 1164 1716 σφίσιν
1183 1642 1201 1716 ἡ

136 1723 218 1790 δίκη,
243 1739 299 1776 non
324 1721 464 1789 pertinere
489 1721 525 1774 ad
551 1720 667 1775 alterius
694 1719 883 1775 interfectoris
909 1719 983 1775 filios
1009 1720 1077 1774 satis
1104 1723 1203 1788 patere

135 1797 214 1862 puto.
250 1791 285 1848 V.
312 1792 400 1847 Plut.
426 1793 461 1846 da
486 1791 579 1846 solert.
605 1790 689 1846 anim.
718 1798 759 1846 13.
787 1791 913 1861 Sympos.
933 1791 967 1860 V,
986 1797 1011 1846 2.
1048 1791 1092 1845 Ad
1109 1791 1203 1844 locum

135 1862 331 1920 Eratosthenis
348 1863 487 1932 pertinere
506 1863 591 1918 etiam
610 1863 722 1918 videtur
741 1865 817 1930 quod
835 1862 922 1917 habet
940 1862 1204 1918 Choeroboscus

136 1935 173 1990 ad
192 1935 330 1990 Theodos.
350 1932 453 1988 Canon.
471 1952 499 2003 p.
519 1940 562 2000 81,
581 1939 625 1988 27.
650 1933 736 1988 Gaisf.
756 1929 845 2002 ηάνυξ
864 1927 988 2002 γοίνυιιος
1006 1929 1032 2002 (ὁ
1052 1929 1202 2002 paeduceo

135 2001 213 2074 παρὰ
228 2007 265 2078 τῷ
283 2001 507 2074 Ἐρατοσθένει);
526 2005 610 2059 aliter
624 2007 721 2059 tamen
735 2003 835 2060 Giese
854 2004 955 2060 statuit
969 2004 1119 2073 (Aeolisoh.
1135 2003 1201 2057 Dia-

135 2078 192 2132 lect
201 2094 228 2146 p.
239 2079 312 2145 190),
330 2076 387 2144 qui,
407 2093 471 2131 cum
489 2070 640 2145 νανοίιιτωρ
658 2075 807 2131 Aeolicum
826 2093 886 2131 esse
903 2075 974 2131 dicit
992 2093 1043 2146 pro
1062 2070 1203 2143 ἀνάκτωρ,

135 2149 273 2202 nonsatis
288 2148 325 2202 ad
338 2142 428 2216 γάνυξ
444 2142 568 2216 petrones
583 2147 708 2201 animum
723 2147 876 2202 advertisse
890 2146 1009 2202 videtur.
1049 2141 1204 2220 Γανύκτοιρ

136 2221 180 2273 est
198 2219 284 2273 etiam
303 2219 378 2287 apud
402 2219 506 2273 Noun
526 2217 689 2287 Dierna,
713 2225 774 2272 226.
812 2216 942 2273 Getarum
961 2217 1068 2287 siquis
1087 2219 1205 2286 quaerat

52 2300 54 2306 '
136 2291 242 2358 locum,
268 2306 325 2358 quo
349 2289 419 2343 haec
442 2288 536 2342 omnia
557 2289 715 2344 narraverit
739 2289 954 2356 Eratosthenes,
979 2289 1129 2358 legendum
1147 2287 1203 2342 for·

136 2364 212 2416 tasse
236 2359 368 2414 ooniieiet
390 2354 598 2427 Ἐρατοσθένης
624 2358 656 2413 δέ
683 2377 771 2428 φησιν
796 2355 827 2413 ίν
848 2355 968 2431 Ἡσιόδῳ
987 2360 1017 2413 in
1037 2359 1156 2414 (lentam.
1175 2377 1203 2428 p.

137 2436 198 2496 367,
220 2435 261 2484 16.
299 2428 339 2484 Oi.
359 2430 433 2483 Diar.
453 2429 549 2497 Antiq.
568 2430 641 2482 stud.
664 2436 739 2484 1839.
759 2447 786 2497 p.
802 2436 862 2484 860.
899 2429 1117 2497 Bernhardyi
1135 2427 1204 2482 Era-

136 2501 258 2554 tosthen.
274 2518 301 2567 p.
317 2505 378 2552 241.
416 2499 539 2554 Carmini
551 2499 765 2555 Erath0sthenis
779 2500 879 2554 titulus
897 2500 1018 2568 scriptus
1037 2501 1098 2554 arat
1112 2495 1205 2554 Ἡσίο-

140 2573 189 2631 δος
216 2564 234 2638 ἢ
259 2563 422 2639 recreate.
459 2569 492 2624 7.
521 2571 643 2640 Bergk.
670 2570 751 2624 Ana.
777 2571 907 2640 A1.1.p.
933 2577 968 2624 ac
995 2570 1203 2640 (Maturare).

93 2701 98 2709 ,
137 2641 260 2695 Hiller.
280 2641 379 2710 fragm.
398 2641 538 2696 Eratosth.
558 2659 584 2710 p.
605 2645 638 2696 85
658 2641 781 2711 (Lipsiae
802 2644 889 2711 1872).
927 2641 1054 2696 Titulum
1073 2639 1205 2696 carminis

136 2712 222 2766 fuisse
232 2708 264 2766 ἐν
275 2707 428 2782 incrudela
436 2728 472 2767 rc.
480 2706 611 2766 Ἡσιόδου
622 2712 742 2767 coniecit
749 2712 780 2767 0.
790 2712 979 2768 Schneider
987 2713 1017 2766 in
1022 2713 1124 2769 Annal.
1132 2711 1204 2766 Phil.

137 2789 206 2838 1873
225 2801 253 2853 p.
273 2789 333 2839 220.
372 2782 500 2837 Ceterum
523 2783 558 2838 de
582 2783 689 2838 duabus
707 2784 824 2840 Hesiodi
841 2783 985 2839 interfecti
1002 2784 1105 2838 fabulis
1125 2788 1203 2854 'egre-

136 2854 199 2924 gias
217 2853 426 2909 dissertationes
450 2853 616 2924 conscripsit
640 2856 685 2910 Fr.
711 2855 935 2910 Nietzschius
961 2857 992 2910 in
1016 2855 1087 2909 Mus.
1114 2855 1203 2910 Rhen.

138 2930 206 2980 1870
226 2944 252 2994 p.
273 2930 414 2980 uae-540
433 2928 462 2980 et
481 2931 549 2981 1873
568 2944 595 2998 p.
616 2932 757 2981 211-249
779 2926 948 2996 publicatas,
968 2924 1069 2995 quibus
1088 2925 1205 2980 titulum

61 3042 67 3051 ,
135 2995 290 3065 inscripsit:
319 2997 384 3050 Der
408 2996 691 3052 Florentinisohe
717 2999 862 3053 Tractat
883 2998 966 3052 tiber
988 2997 1111 3052 Homer
1135 2995 1205 3050 und

136 3067 280 3134 Hesiod,
302 3066 357 3120 ihr
376 3067 586 3123 Geschlecht
608 3068 677 3122 und
700 3068 798 3124 ihren
816 3068 1043 3137 Wettkampf.
1080 3068 1121 3121 De
1140 3067 1203 3121 ion-

135 3138 209 3192 tium
226 3136 394 3192 narrationis
409 3138 505 3193 ordine
519 3139 742 3194 Nietaschius
761 3141 833 3194 haec
851 3139 959 3195 statuit.
983 3139 1110 3194 Historia
1126 3139 1206 3208 prin-

137 3226 203 3333 ρσρσ
222 3210 367 3334 corp-paret
379 3209 409 3262 in
427 3208 524 3334 libellp
543 3210 951 3338 subttituhfftolgerlrseicogfecffo
970 3211 1089 3293 rhetoris
1106 3209 1204 3263 Aloi-

161 3297 320 3346 amanus,
362 3296 426 3334 uem
444 3297 554 3335 saeuus
569 3298 598 3336 es
765 3300 794 3338 es
809 3301 839 3338 αι
882 3300 911 3337 ro
933 3298 1105 3336 omenrorum
1123 3298 1153 3336 re
1173 3299 1205 3335 u·

136 3351 218 3406 blica.
256 3351 299 3406 Ab
318 3297 371 3405 hdo
389 3351 598 3406 narratiuncula
615 3353 736 3408 multum
754 3353 932 3422 discrepabat
949 3353 1014 3421 illa,
1034 3369 1119 3420 quam
1137 3299 1205 3405 aiio-

137 3423 266 3492 gavimus
282 3421 380 3475 fabula
398 3422 655 3490 Eratosthenis,
683 3441 766 3494 quem
786 3425 933 3493 exscripsit
949 3423 1156 3478 Plutarchus
1175 3422 1205 3476 in

138 3493 273 3548 Convivia
300 3495 330 3548 et
356 3493 391 3546 de
420 3493 525 3548 sollert.
557 3493 652 3548 animi.
696 3496 794 3564 Neque
822 3513 888 3550 vero
920 3494 1011 3564 magis
1039 3493 1204 3548 Certaminis

138 3564 252 3618 Homeri
275 3566 304 3618 et
328 3563 445 3617 Hesiodi
468 3565 590 3618 auctor
609 3564 774 3622 convivium
798 3565 974 3636 compilavit,
998 3581 1090 3633 neque
1109 3564 1204 3619 Certa-

137 3651 202 3688 men
216 3635 308 3703 ipsum
328 3635 345 3688 J
351 3651 479 3690 oannes
494 3634 622 3690 Taetza
639 3637 670 3690 in
688 3638 924 3692 commentatione
947 3638 983 3692 de
1005 3635 1066 3692 vita
1080 3635 1205 3702 Hesiodi,

138 3721 256 3774 qnorum
268 3709 416 3774 utrumque
431 3705 503 3760 libro
526 3706 620 3776 aliquo
639 3708 794 3776 deperdito,
812 3709 892 3764 velut
915 3707 1047 3762 Characis
1070 3706 1204 3772 historiis,

137 3793 218 3830 usum
252 3791 310 3830 esse
345 3776 470 3846 colligas.
519 3777 627 3846 Pauca,
662 3797 734 3849 quae
768 3779 852 3834 nimir
886 3779 1020 3834 audacter
1047 3778 1206 3847 protulerat

137 3845 356 3914 Nietzohius,
385 3847 504 3902 conexit
538 3849 568 3903 E.
598 3848 779 3906 Susemihl.
807 3851 837 3904 in
865 3851 966 3905 Annal.
998 3849 1100 3904 Philol.
1135 3853 1206 3902 1874

136 3936 163 3987 p.
184 3924 236 3972 660
255 3933 312 3986 seq.
340 3949 374 3957 —
398 3918 473 3973 Illud
500 3925 612 3988 quoque
639 3925 797 3976 memoratu
823 3937 880 3976 non
907 3920 1055 3991 indignum
1083 3919 1205 3986 videtur,

138 3988 214 4058 quod
234 3987 319 4044 etiam
337 3989 539 4057 Euphorion
558 3989 804 4048 Chalcidensis
818 4009 931 4047 carmen
950 3993 1060 4061 epicum
1075 3985 1204 4051 Ἡσίοδος

138 4062 340 4129 composuerat,
361 4061 396 4128 (v.
413 4059 488 4114 Suid.
504 4079 525 4117 s.
540 4081 565 4118 v.
586 4065 615 4116 et
631 4064 736 4120 Eudoc.
751 4083 778 4133 p.
795 4069 866 4129 167),
885 4063 964 4117 cuius
982 4079 1018 4118 ne
1036 4079 1123 4116 unum
1142 4060 1206 4129 qui-

139 4131 203 4184 dem
221 4131 411 4200 fragmentum
437 4132 518 4186 nobis
543 4138 684 4190 servatum
709 4151 768 4191 essa
786 4133 907 4189 maxime
926 4134 1079 4190 dolendum
1097 4133 1141 4187 est
1159 4131 1203 4199 (V.

138 4200 305 4258 Meinekii
324 4201 413 4270 Euph.
432 4203 482 4257 vit.
503 4206 532 4257 et
550 4221 600 4258 scr.
620 4223 646 4275 p.
667 4212 709 4261 20.
730 4210 789 4276 69),
811 4204 945 4260 hariolati
969 4204 1045 4260 enim
1063 4204 1130 4258 sunt
1148 4199 1205 4255 edi-

136 4273 211 4328 tores
230 4272 362 4343 Vergilii:
382 4272 417 4328 cf.
437 4272 563 4344 Heynii
582 4291 639 4331 exo.
659 4276 699 4332 Ill
717 4279 753 4333 ad
773 4276 868 4332 Bucol.

951 4365 992 4418 b*
