2904 4900
518 313 793 368 FRAGMENTA.
1121 314 1190 379 323

120 473 296 542 Eurynomes
322 489 469 528 eonversus
506 473 642 544 virginem
671 475 818 544 deceptum
845 475 910 529 dolo
942 474 1062 530 vitiavit.
1105 474 1189 529 Cuius

119 561 263 616 adulterio
282 561 371 630 Clytie
394 561 520 630 incensu,
552 577 608 630 qua
630 562 751 616 nondum
780 563 897 617 satiatus
915 565 976 617 erut
995 563 1055 632 Sol,
1079 563 1189 632 parenti

118 651 233 718 puellae
257 650 402 705 indicavit.
441 649 530 715 Quam
554 649 604 703 ille
628 666 691 703 cum
709 651 801 704 terroe
821 650 984 718 defodisset,
1008 650 1124 706 vitiator
1142 652 1189 705 ud·

118 737 200 792 missi
224 737 445 792 misericordiam
468 737 614 804 exhibens,
640 737 754 792 diducto
778 738 851 806 solo,
876 739 920 792 oui
944 738 1070 794 subiecto
1088 739 1189 807 fueret,

120 843 174 896 pro
194 843 228 880 ee
246 826 355 896 virgam
378 825 496 880 tinctum
521 828 648 893 nectare,
671 841 743 893 quse
762 826 925 895 gratissime
944 826 997 880 diis
1016 826 1189 882 hominibus·

122 931 178 984 que
199 917 280 982 esset,
299 930 372 985 quse
390 914 491 969 thurea
510 914 679 983 appelletur.
716 913 777 968 Hoc
795 913 933 969 Hesiodus
951 915 1065 971 iudicat.

530 1091 670 1158 oxulv.
699 1092 781 1180 (33.)

190 1219 345 1272 Lactaut.
374 1216 410 1270 ed
433 1215 513 1270 Ovid.
542 1215 610 1269 Met.
634 1217 685 1269 X[:
714 1215 772 1270 Pan
802 1234 865 1270 oum
895 1217 1037 1287 Tmolum,
1061 1222 1186 1274 montem

115 1306 239 1376 Lydius,
264 1305 444 1374 frequentans
467 1305 562 1360 fistule
589 1322 619 1359 se
642 1305 797 1360 oblectaret
817 1338 849 1346 -
869 1306 1031 1376 Apollinem
1048 1305 1078 1360 in
1097 1309 1187 1362 eertu-

115 1412 183 1450 men
202 1394 358 1450 devocavit.
395 1393 489 1447 ludios
509 1409 577 1463 ergo
598 1393 711 1462 Tmolo,
731 1395 808 1450 ouius
827 1412 907 1450 mons
926 1397 999 1464 eret,
1018 1412 1081 1449 eum
1100 1394 1187 1450 violo-

114 1486 160 1539 riu
185 1482 311 1553 Apollini
339 1485 410 1537 esset
432 1481 609 1550 indiminuta,
638 1481 731 1537 Midae
755 1483 816 1553 regi
839 1501 923 1554 supro
948 1483 1023 1539 dicto
1052 1483 1187 1538 assidenti

115 1573 172 1627 soli
200 1571 351 1643 displicuit.
390 1570 479 1636 Quum
511 1571 546 1625 ob
578 1586 691 1625 oausam
718 1573 819 1640 Apollo
843 1604 876 1612 —
903 1573 990 1628 iratus
1018 1589 1099 1627 aures
1129 1571 1187 1626 eius

115 1661 244 1716 asininae
263 1661 295 1714 ut
313 1663 405 1714 essent
423 1659 594 1729 sempiterno
615 1657 718 1727 effecit,
744 1659 823 1715 ouius
846 1661 980 1715 iudicium
998 1661 1070 1715 nulli
1087 1661 1129 1714 rei
1146 1660 1186 1714 fa·

114 1753 222 1804 oerent.
261 1748 315 1814 Qui
337 1751 433 1804 tumen
455 1748 544 1802 fertur
569 1745 659 1800 Midas
683 1765 742 1802 esse
761 1748 860 1802 Matris
878 1749 997 1819 Magnae
1020 1751 1101 1804 filius.
1141 1749 1186 1804 Sie

116 1840 194 1894 euim
215 1856 278 1892 eum
297 1835 420 1892 Hesiodo
439 1835 579 1890 consentit
599 1835 723 1892 Ovidius.

539 2014 662 2080 exuo.
691 2013 772 2103 (τι.)

190 2139 285 2193 Theo
310 2139 462 2207 Progymn.
491 2154 536 2206 ap.
560 2137 649 2192 Wnlz.
673 2137 756 2192 Rhet.
780 2139 801 2190 I.
826 2155 853 2207 p.
878 2144 945 2192 277:
973 2135 1046 2192 κατὰ
1071 2134 1125 2206 γαρ
1151 2136 1185 2192 τοὶ

114 2225 248 2284 Ἠσιόδου
268 2221 455 2297 πρεσβύτερος
469 2221 641 2293 Ἡρακλέους
661 2219 736 2279 ἐστὶν
756 2220 770 2278 ὁ
792 2221 923 2295 Βούσιρις
943 2223 1046 2280 ἕνδεκα
1065 2233 1185 2294 γενεαῖς.

524 2358 664 2470 exivi.
694 2404 775 2491 (34.)

189 2529 347 2582 Laetant.
367 2527 403 2581 sd
427 2525 506 2581 Ouid.
527 2527 593 2581 Met.
613 2527 690 2580 Xlll:
714 2525 861 2595 Memnon,
881 2527 995 2582 Tithoni
1015 2530 1043 2584 et
1061 2531 1187 2584 Aurorae

115 2619 206 2686 filius,
233 2616 345 2671 Priamo
372 2615 463 2669 ferens
488 2613 623 2669 auxilium
647 2615 682 2668 ab
706 2613 818 2668 Achille
843 2615 987 2673 occiditur.
1013 2649 1045 2657 —
1069 2619 1107 2673 Et
1123 2618 1187 2687 ipse

115 2709 212 2762 muter
230 2705 289 2760 eius
308 2703 454 2757 matutinis
468 2702 642 2772 temporibus
660 2702 790 2756 lacrimas
810 2703 947 2759 desiderio
966 2705 1018 2759 filii
1036 2707 1079 2761 sui
1098 2707 1186 2761 Mem-

113 2796 198 2852 nonis
228 2794 398 2848 transmutet
419 2791 449 2845 in
473 2808 578 2860 rorem,
607 2790 681 2860 quod
705 2791 782 2860 (eui,
810 2792 1067 2862 Murcksohefl.)
1089 2796 1186 2848 tumen

115 2884 332 2940 monumentum
347 2881 377 2933 in
390 2879 514 2950 Phrygio
528 2879 675 2934 constituit
688 2880 804 2948 patruus
824 2879 893 2948 eius,
913 2883 945 2935 ut
958 2881 1097 2936 Hesiodus
1116 2884 1184 2937 vult.

519 3057 675 3124 oxuvn.
700 3057 780 3144 (σν.)

190 3183 306 3252 Steph.
335 3183 407 3252 Byz.
436 3201 462 3237 v.
489 3176 648 3250 Ὀγχηοτός·
675 3211 708 3220 -
727 3187 819 3235 κεῖται
849 3179 885 3236 δὲ,
910 3178 941 3235 ἒν
969 3183 1001 3252 τῇ
1027 3178 1186 3251 Ἁλιαρτίων

114 3270 205 3346 χώρα,
226 3267 346 3339 ἱδρυθὲν
364 3265 390 3324 δ’
414 3264 470 3324 ὑπὸ
489 3264 641 3338 Ὀγχηστοῦ
659 3269 709 3323 τοῦ
730 3269 872 3337 Βοιωτοῦ,
892 3263 930 3332 τίς
949 3289 1035 3338 φησιν
1050 3267 1184 3334 Ἡσίοδος.

115 3363 163 3432 lv.
183 3359 334 3414 Herodian.
354 3359 373 3412 Ι,
392 3377 419 3428 p.
440 3357 513 3426 ἳνα]

507 3553 682 3620 oxuvlu.
711 3553 793 3642 (84.)

190 3678 301 3734 schol.
321 3678 430 3731 Ambr.
450 3676 547 3746 Odyss.
572 3677 598 3745 l,
623 3681 670 3730 85:
692 3671 822 3745 Ὠγυγίην
842 3673 873 3731 ἐν
893 3676 926 3748 τῇ
946 3671 1006 3730 κατ’
1024 3670 1185 3746 Ἀντίμαχον

111 3763 245 3838 Ὦγυλίην
269 3761 416 3835 γράφεται.
459 3765 629 3835 διαφέρουσι
655 3761 686 3819 δὲ
714 3761 743 3818 οἱ
765 3761 862 3819 τόποι·
887 3761 941 3834 τὴν
965 3763 1017 3834 μὲν
1036 3760 1091 3834 γὰρ
1107 3759 1184 3832 Ὠγυ-

114 3859 180 3925 γίην
206 3850 287 3916 ἐντὸς
310 3851 385 3908 εἶναι
407 3848 478 3922 πρὸς
504 3849 640 3922 ἑσπέραν,
663 3848 715 3921 τὴν
738 3850 770 3906 δὲ
797 3849 871 3907 κατὰ
895 3850 1017 3923 Κρήτην.
1055 3848 1185 3917 Ἡσίοδός

115 3959 186 4013 φησι
201 3945 317 3998 κεῖσθαι
333 3936 423 3996 tivo*
440 3937 577 4010 Ὦγίλιον,
596 3936 642 4009 ἠδ’
660 3935 769 4010 Ὠγίλη.
807 3941 893 4009 νῆσον
912 3940 944 3996 δὲ
963 3938 1071 4009 ταύτην
1090 3938 1120 3994 σί
1135 3960 1184 3995 να-

114 4028 182 4095 loeis
202 4031 345 4086 καλοῦσιν.
383 4029 596 4084 Schneidew.
616 4029 748 4084 Exeroitt.
767 4028 797 4083 in
813 4032 888 4098 poet.
907 4031 972 4085 min.
988 4048 1014 4099 p.
1030 4035 1079 4083 26:
1095 4025 1185 4084 Ἡσίο-

15 4155 21 4189 ;
115 4119 166 4183 δός
195 4135 264 4188 φησι
292 4119 444 4172 καλεῖσθαι
466 4111 598 4186 Ὤγυίσν,
623 4115 653 4172 οἴ
673 4115 705 4171 el
727 4111 854 4184 Ὀγύλην.
891 4117 963 4172 Mihi
985 4119 1056 4174 haee
1079 4118 1121 4172 ita
1140 4135 1186 4173 oo—

17 4246 24 4277 ;-.
114 4209 231 4263 haerere
262 4205 404 4260 videntum
432 4201 485 4273 τὴν
513 4204 545 4259 δὲ
573 4201 646 4260 κατὰ
674 4201 789 4274 Κρήτην
813 4201 943 4267 Ἡσίοδός
967 4225 1037 4275 φησι
1060 4211 1185 4262 νεῖσθαι.

19 4331 24 4365 2
115 4296 218 4352 Cetera
237 4292 304 4362 quid
322 4293 444 4362 valeant,
463 4294 564 4348 neseio.

917 4371 977 4436 mn
