2892 4902
220 294 295 342 XXX

310 439 471 500 Homerica
496 440 592 516 igitur
619 442 650 499 et
673 439 823 499 Hesiodea
849 440 948 515 poesis
977 440 1124 516 quomodo
1151 438 1232 499 inter
1255 459 1287 500 se

221 529 376 600 differant,
407 529 581 604 diligentius
619 529 675 588 hoc
706 529 771 588 loco
808 529 928 589 videtur
964 528 1179 589 declarandum
1211 547 1286 589 esse.

222 617 308 688 Quod
340 618 378 676 ad
410 619 663 694 argumentum
694 617 819 695 attinet,
856 618 933 677 hanc
966 618 1173 678 diversitatem
1204 621 1286 677 recte

220 707 282 773 iam
301 707 472 782 exposuisse
490 706 611 766 videtur
628 706 665 780 is,
683 706 736 783 qui
753 706 856 766 Musas
874 706 906 766 in
925 707 1116 783 Theogoniae
1133 707 1285 784 prooemio

221 796 263 855 sio
286 795 419 855 dicentes
443 795 622 855 introduxit:
650 793 735 874 ἴδμεν
762 788 878 872 ψεύδεα
905 787 998 856 πολλὰ
1022 791 1115 876 λέγειν
1138 789 1287 872 ἐτύμοισιν

220 875 319 962 ὁμοῖα,
342 882 427 962 ἴδμεν
451 877 491 959 d',
514 871 568 944 εὖτ’
594 880 751 962 ἐθέλωμεν,
774 877 889 962 ἆληθέα
912 877 1117 962 μυθήσασθαι.
1162 882 1221 953 Qui
1242 884 1287 943 ita

222 972 306 1049 dixit,
329 977 391 1044 τοῖς
420 963 546 1049 ψεύδεσι
565 973 629 1032 sine
652 973 743 1032 dubio
772 976 879 1033 notare
902 974 1029 1033 alteram
1051 972 1151 1050 poesis
1175 974 1286 1049 opicae,

220 1080 312 1136 quam
338 1061 529 1122 Homericam
551 1061 693 1138 diximus,
725 1062 874 1121 rationem
900 1061 1010 1138 voluit,
1041 1081 1108 1122 cum
1130 1064 1192 1132 τοῖς
1214 1054 1286 1139 ἀλη-

219 1145 306 1208 θέσιν
325 1149 507 1209 Hesiodeam
528 1150 652 1210 laudare
675 1151 707 1209 in
730 1151 829 1210 animo
853 1155 943 1211 esset.
987 1151 1051 1210 Nec
1074 1149 1226 1210 dubitabit
1249 1151 1286 1210 de

220 1239 276 1297 hec
299 1257 332 1297 re
355 1239 407 1315 qui
435 1239 494 1298 loci
516 1238 666 1315 Pindarici
688 1239 773 1298 Nem.
797 1239 869 1314 VII,
899 1241 941 1300 30
965 1240 1148 1300 meminerit:
1172 1232 1229 1318 aa
1254 1234 1287 1298 di

150 1347 160 1363 ⁸
219 1319 315 1386 πλέον’
341 1324 464 1406 ἔλπομαι
486 1320 591 1407 Λόγον
616 1319 814 1406 Ὀδυσσέοςῆ
842 1321 944 1388 πάθεν
973 1321 1023 1388 διὰ
1049 1321 1101 1388 τὸν
1123 1315 1287 1408 tetecum)

195 1407 332 1496 γενέσθ’
358 1409 499 1495 Ὅμηρον.
545 1409 629 1476 Ἐπεὶ
660 1410 788 1492 ψεύδεσί
818 1415 849 1477 οἱ
874 1419 989 1500 ποτανᾷ
1018 1438 1048 1477 τε
1080 1418 1197 1501 μαχανᾷ
1229 1419 1286 1476 Σε-

220 1497 296 1582 μνὸν
328 1500 427 1564 ἔπεστί
455 1527 491 1565 τι.
549 1505 609 1564 Illa
640 1509 743 1564 autem
762 1498 889 1583 οἰληθία
922 1509 987 1565 tam
1019 1507 1058 1565 ad
1087 1506 1158 1566 deos
1195 1524 1286 1583 quam

220 1593 258 1652 ad
287 1612 385 1654 mores
408 1594 563 1653 hominum
586 1594 751 1669 pertinent,
774 1594 827 1670 qui
849 1595 940 1654 etiam
963 1595 1001 1654 ab
1025 1595 1152 1655 oraculis
1175 1614 1286 1671 regun-

218 1686 278 1741 tur.
337 1681 429 1742 Porro
461 1683 590 1742 Homeri-
621 1686 703 1742 secta
738 1682 877 1743 fidibus
915 1683 1081 1758 canebat,
1119 1702 1186 1743 cum
1223 1701 1286 1744 car-

218 1769 301 1829 mina
324 1789 379 1830 sue
401 1770 567 1844 recitabat,
594 1771 737 1831 Hesiodei
759 1791 830 1831 vero
852 1775 960 1849 poetae
984 1791 1071 1832 assa
1093 1791 1182 1833 voce
1207 1775 1286 1832 stan-

218 1861 265 1918 tes
289 1859 449 1919 decantare
476 1860 526 1920 vel
553 1860 654 1935 potius
682 1861 875 1920 declamitare
897 1864 1037 1937 poemata
1060 1861 1199 1921 solebant
1221 1862 1286 1922 sine

219 1947 355 2008 citharae
376 1947 483 2008 modis.
528 1948 678 2008 Pausan.
701 1949 741 2025 X,
768 1952 799 2026 7,
824 1952 857 2009 2:
886 1946 996 2030 λέγεται
1020 1946 1052 2010 δὲ
1075 1947 1125 2010 καί
1141 1943 1285 2012 Ἡσίοδον

219 2029 427 2112 ἆιιελασθῆναι
445 2038 498 2098 τοῦ
521 2029 725 2116 ἀγωνίσματος
748 2031 798 2097 ἃίε
820 2030 856 2098 οὗ
879 2039 1043 2118 κιθαρίζειν
1066 2031 1142 2117 ὁμοῦ
1165 2041 1199 2120 τῇ
1223 2033 1286 2124 ᾠδῇ

220 2121 442 2205 δεδιδαγμένον.
488 2125 581 2185 Recte
599 2125 693 2202 igitur
712 2130 903 2187 aramenta
925 2128 975 2189 vel
998 2133 1205 2188 assumente
1228 2128 1287 2188 dici

219 2217 376 2290 poterunt,
404 2215 653 2290 quemadmodum
680 2216 814 2274 carmina
841 2215 969 2276 Saliaria
992 2217 1182 2294 dicebantur,
1209 2235 1286 2293 quae

220 2321 288 2362 cum
320 2302 394 2362 item
423 2302 616 2379 theogeniam
643 2303 844 2365 Romanorum
872 2307 1074 2379 continerent,
1106 2306 1198 2365 etiam
1222 2305 1286 2366 sine

219 2391 364 2450 tibiarum
400 2393 492 2451 cantu
529 2391 767 2467 proferebantur.
823 2392 943 2455 Stantes
981 2397 1084 2454 autem
1115 2393 1146 2453 id
1177 2395 1286 2454 fecisse

219 2483 324 2555 poetas
344 2483 375 2539 et
392 2499 449 2556 per
466 2499 497 2539 ee
516 2481 670 2556 probabile
690 2486 737 2541 est
762 2485 793 2542 et
812 2483 1036 2544 demonstratur
1052 2484 1117 2543 loeo
1136 2482 1287 2542 huciani

220 2561 398 2649 (Icaromen.
423 2587 447 2629 c.
471 2561 541 2649 27):
569 2567 619 2629 καί
641 2570 675 2630 αί
694 2574 821 2633 Μοῦσαι
848 2565 1050 2631 ἀναστᾶσαι
1072 2573 1124 2647 τῆς
1141 2564 1286 2630 Ἡσιόδου

223 2656 385 2736 Θεογονίας
420 2644 513 2738 ᾖσαν,
549 2660 630 2735 quod
660 2664 756 2738 recte,
773 2660 943 2720 Boechhius
981 2660 1021 2718 ad
1056 2659 1140 2717 Pind.
1177 2659 1286 2732 fragm.

220 2931 282 2970 rere
306 2915 456 2983 conclusit,
480 2918 555 2986 quod
578 2920 662 2974 autea
691 2918 778 2973 etiam
808 2909 1048 2980 Goettlingius
1076 2926 1136 2966 esse
1158 2909 1286 2966 divinans

136 3044 139 3048 ,
220 2985 339 3040 strictim
363 2985 540 3057 breviterque
559 2991 703 3060 attigerat.
741 2987 797 3043 Sed
820 3001 917 3039 omnes
939 2981 992 3035 has
1014 2981 1118 3037 formas
1136 2981 1218 3036 nimis
1237 3000 1286 3038 au-

220 3057 315 3111 dacter
341 3058 378 3112 ad
403 3057 555 3114 dialectum
579 3060 748 3130 Delphicam
775 3055 854 3111 reiici
882 3052 1105 3122 Ahrensiumque
1136 3054 1165 3107 in
1194 3071 1228 3108 ea
1254 3072 1285 3110 re

219 3128 700 3256 accersiturus?
719 3123 1286 3266 mllttl‘t“tttttttttttttt

219 3270 245 3324 d.
265 3270 400 3326 Hesiodus
419 3290 445 3342 p.
462 3218 575 3328 'lt-lli.
613 3269 653 3325 cf.
669 3219 794 3324 eiusdem
812 3265 1038 3322 dissertationem
1056 3264 1090 3320 de
1109 3266 1217 3322 duobus
1235 3285 1285 3322 an-

220 3341 387 3410 tiquissimis
410 3343 526 3399 Hesiodi
550 3341 692 3397 codicibus
714 3357 741 3406 p.
768 3343 810 3391 25.
849 3336 986 3402 Quocirca
1007 3337 1082 3392 haud
1104 3337 1206 3392 iniuria
1224 3340 1286 3393 tota

218 3411 270 3467 illa
306 3412 484 3482 Goettlingii,
518 3411 663 3480 Ahrensii,
694 3408 868 3477 aliorumque
896 3409 930 3463 de
958 3408 1130 3479 Delphorum
1162 3409 1285 3476 oraculo,

219 3483 253 3538 de
268 3486 408 3553 potestate
427 3487 517 3555 deque
535 3481 691 3550 Delphicae
709 3479 823 3534 dialecti
840 3480 967 3550 vestigiis
985 3479 1112 3535 doctrina
1129 3481 1159 3534 iu
1176 3479 1285 3534 fabula·

218 3572 280 3608 rum
298 3555 397 3610 seriem
415 3554 569 3624 releganda
592 3553 647 3618 est,
676 3568 744 3620 quas
771 3550 800 3604 in
819 3550 933 3606 Hesiodi
950 3551 1010 3606 vita
1029 3553 1058 3605 et
1076 3567 1202 3606 sermone
1220 3551 1284 3612 illu-

218 3626 338 3680 strandis
352 3625 505 3695 plurimum
518 3622 641 3678 valuisse
655 3621 729 3676 inter
748 3639 843 3677 omnes
862 3624 979 3677 constet.
1017 3620 1058 3676 cf.
1078 3621 1164 3677 etiam
1181 3620 1285 3677 Bern-

219 3695 341 3766 hardyi
359 3696 415 3751 Lit.
442 3696 487 3750 Gr.
507 3694 528 3748 I.
548 3711 575 3761 p.
600 3699 652 3746 306
676 3709 731 3761 seq.
757 3693 810 3763 (ed.
833 3693 879 3749 IV.
904 3711 929 3749 a.
955 3695 1043 3762 18⁷6).
1085 3693 1175 3747 Multo
1197 3693 1285 3764 igitur
1376 3760 1381 3768 ⁵
1429 3743 1430 3750 ,

217 3769 321 3823 rectius
346 3783 442 3823 omnes
469 3763 604 3820 sermonis
622 3763 755 3818 Hesiodei
776 3765 961 3833 proprietates
981 3763 1017 3817 ad
1036 3763 1186 3818 dialectum
1205 3762 1285 3817 Dori·

222 3856 284 3893 cam
301 3841 455 3895 Locrorum
473 3833 636 3894 referendae
664 3837 736 3888 sunt.
778 3833 818 3889 (tl.
838 3835 956 3905 Bergk.
982 3833 1037 3888 Lit.
1064 3833 1110 3888 Gr.
1136 3834 1157 3888 I.
1175 3853 1202 3903 p.
1223 3840 1284 3888 921.

291 3913 336 3976 18)
361 3907 427 3962 Solo
450 3906 504 3960 hoc
527 3905 663 3962 vocabulo
689 3905 847 3961 sufficiebat
868 3905 899 3959 id
921 3905 1086 3975 siguificare.
1123 3904 1156 3960 V.
1180 3905 1285 3959 Hero-

219 3981 286 4037 dot.
305 3981 366 4045 VII,
387 3983 451 4031 101:
475 3967 497 4030 oi
521 3977 651 4048 βασιλεῦ,
675 3972 779 4043 κότερα
802 3971 927 4064 ἆίνγθηίγ
956 3972 1094 4046 χρήσομαι
1117 3969 1187 4041 πρός
1211 3993 1240 4029 σε
1266 3969 1283 4044 ἦ

217 4046 321 4122 ἡδονῆς
341 4049 442 4104 Thuc.
457 4047 505 4117 VI,
526 4055 570 4103 ll:
590 4049 620 4102 εί
633 4068 660 4102 τι
678 4043 747 4102 καθ’
767 4042 876 4116 ἡδονην
894 4051 1011 4116 λεγοντα.
1049 4046 1240 4101 Aeschines
1259 4063 1283 4101 c.

218 4119 587 4190 Ctesiph.p.⁷1,34.flst:
605 4114 713 4186 πότερα
731 4113 857 4186 τάληθὲς
878 4119 947 4172 είνιοι
967 4111 985 4185 ἢ
1005 4113 1037 4171 τὸ
1057 4111 1173 4185 ἥδιστον
1192 4111 1282 4171 duoci-

219 4191 429 4277 ocupCallim.
448 4191 498 4278 Ep.
518 4189 591 4260 XIV,
616 4197 644 4244 5:
668 4181 753 4253 οὗτος
782 4184 850 4259 ἐμὸς
873 4184 955 4257 λόγος
979 4182 1068 4258 ὔμμιν
1087 4182 1237 4257 ἀληθινός,
1256 4187 1285 4250 εί

219 4259 250 4316 δὲ
265 4283 315 4317 τον
333 4258 408 4332 cidus
426 4264 523 4333 βονίει
540 4283 566 4318 ιι.
585 4283 608 4316 ι.
627 4265 649 4316 ί..
