2948 4906
267 315 328 380 19ss
719 312 887 368 naronor

270 469 376 559 αὐτὰρ
401 469 514 556 ἐπειδὴ
537 473 637 539 τοῦτο
661 471 760 555 γένος
781 465 865 535 κατὰ
887 483 967 554 μαῖα
988 468 1153 553 κάλυψεν,

265 577 318 644 τοὶ
341 574 404 663 μέν
428 578 587 662 δαίμονές
609 579 675 643 είσι
699 572 787 653 Διὸς
810 573 957 660 μεγάλου
981 573 1038 642 διά
1061 572 1186 660 βουλάς

269 788 360 842 Abest
377 805 395 843 a
418 787 497 843 codd.
517 787 653 843 omnibus.
696 787 863 844 Graevius
887 784 992 862 aliique
1015 785 1173 842 reiecerunt
1189 788 1256 856 poet
1274 791 1335 840 115.

268 859 323 914 Sed
343 858 455 913 aliunde
475 858 672 928 depromptum
691 875 750 913 eree
769 858 916 928 probabile
935 859 985 913 eri.

337 928 371 982 V.
392 934 452 984 121.
490 925 556 983 έπεί
567 948 617 984 κεν
631 929 719 999 MSS„
739 929 865 984 Tierua
879 925 945 983 έπεί
955 947 998 996 κε,
1013 924 1112 996 ἐπειδὴ
1127 927 1214 982 Plab
1231 926 1335 997 Orahyl.

264 1018 293 1082 p.
313 1006 374 1124 δὲἷ,
393 996 456 1054 ἐπεὶ
474 999 523 1054 καλ
541 1000 684 1055 Brunck.
717 999 834 1054 Seriorie
849 999 966 1070 originis
980 999 1008 1054 h.
1026 1015 1122 1054 verene
1140 1014 1194 1054 aec.
1209 999 1335 1068 Spohn.

266 1087 300 1126 er.
362 1113 368 1125 .

268 1207 430 1281 ἐπιχθόνιοι
448 1209 628 1280 τελέθουσιν,
648 1207 755 1280 ἐσθλοί,
775 1206 946 1281 άλεξίκακοι,
966 1206 1033 1298 φόλ.
1052 1207 1193 1296 μερόπων.
1230 1209 1334 1281 Cralyl.

265 1300 294 1410 f.
310 1288 375 1337 397:
401 1277 476 1351 μοῖρ’
493 1277 646 1351 ἐκάλυψεν,
666 1280 696 1337 σί
712 1280 765 1352 μέν
783 1284 917 1353 δαίμονες
935 1277 963 1336 ά.
982 1285 1156 1352 υποχθονιοι
1174 1280 1334 1350 καλέονται,

283 1353 377 1423 σθλσί,
395 1348 566 1419 άλεξίκακοι.
602 1354 690 1408 Pluc.
710 1353 745 1408 de
764 1353 819 1408 def.
839 1370 877 1408 or.
897 1359 932 1408 39
955 1348 1039 1422 ἁγνοί
1059 1348 1154 1422 ἐπιχθ.
1173 1347 1231 1407 κτέ.

829 1547 874 1603 τοί
892 1543 1078 1618 ὑποχθόνιοι,
1098 1547 1148 1617 qui
1165 1563 1221 1602 non
1239 1547 1334 1602 fruun-

829 1619 1109 1687 turimmorialilale,
1124 1619 1174 1673 sed
1203 1617 1260 1673 onii
1271 1619 1336 1672 eunt

269 1564 296 1603 v.
317 1554 376 1602 163.
396 1548 426 1602 ei
443 1547 628 1606 animadvers.
648 1548 684 1603 ad
699 1547 775 1604 Seni.

268 1624 312 1674 39.
355 1619 423 1672 Post
445 1619 520 1673 hunc
539 1635 650 1674 versum
670 1619 775 1690 Spoh-

267 1689 344 1743 nius
363 1688 510 1744 addiderat
529 1690 600 1744 alios
619 1690 702 1745 duce:
728 1691 776 1756 ξυ-

266 1759 315 1814 ναλ
336 1754 389 1828 γάρ
408 1756 471 1814 τότε
487 1761 583 1822 δαῖτες
598 1758 675 1830 ἔσαν,
695 1761 776 1826 ξυνοὶ

265 1828 298 1884 δέ
334 1825 445 1884 θόωκοι
471 1825 651 1886 Ἀθανάτσισι
678 1835 775 1885 θεοῖσι

265 1903 459 1969 καταθνητοῖς
481 1896 509 1954 τ’
538 1896 716 1970 ἀνθρώποις,
741 1918 775 1956 ex

265 1971 413 2041 Origene
430 1973 526 2026 contra
535 1971 605 2026 Cels.
615 1971 664 2038 IV,
679 1989 706 2040 p.
722 1977 775 2026 216

267 2042 309 2098 ed.
340 2041 469 2111 Spencer.
498 2044 529 2097 ec
559 2041 668 2096 Schol.
697 2041 774 2095 Arai.

265 2112 370 2168 Phaon.
391 2117 439 2182 97,
464 2112 513 2180 qui
535 2111 657 2181 priorem
679 2111 773 2165 habal.

267 2184 384 2238 Secutus
403 2185 446 2237 est
463 2182 578 2238 Lehre.
599 2180 650 2245 Qu.
669 2197 732 2251 epp.
746 2199 774 2251 p.

830 1691 867 1743 ad
889 1691 1014 1759 tempus,
1042 1691 1074 1743 ni
1099 1706 1184 1759 nymp
1244 1709 1251 1753 ς
1279 1690 1335 1743 ber-

828 1759 901 1823 tium
914 1777 1002 1830 genus
1018 1756 1170 1830 (polluerer)
1184 1761 1251 1828 posi
1262 1774 1336 1813 mor·

828 1833 887 1885 tem
905 1830 936 1884 in
954 1830 1064 1885 Hadem
1083 1829 1143 1885 eine
1164 1830 1269 1884 honore
1288 1829 1336 1883 dc·

828 1900 949 1968 scandit,
977 1902 1010 1954 ub
1033 1901 1075 1954 ila
1173 1917 1206 1954 ue
1229 1917 1295 1955 cons
1315 1899 1337 1953 i-

830 1970 952 2024 ciuntur:
973 1965 1005 2024 έν
1018 1963 1083 2040 dep,
1098 1966 1155 2025 υπό
1175 1969 1269 2039 χθονί,
1290 1918 1337 2026 Ea

829 2041 923 2108 χθονί.
951 2041 994 2096 Ne
1007 2042 1090 2110 putee
1105 2057 1170 2096 vero
1184 2037 1251 2104 τοὺς
1264 2037 1337 2096 ὑπο-

829 2112 965 2179 χθονίους
983 2127 1043 2166 eeee
1062 2111 1152 2166 malou
1171 2111 1283 2181 genios,
1305 2113 1338 2166 ub

828 2180 943 2236 volebat
974 2181 1245 2236 Bultmannue
1272 2198 1338 2237 cum

264 2260 326 2310 233.
359 2253 479 2322 Recepit
496 2253 581 2307 etiam
596 2252 774 2308 Vollbehr.

269 2324 325 2380 Sed
337 2326 454 2394 propter
468 2338 633 2378 consensum
647 2322 774 2379 codicum

265 2397 295 2450 cb
319 2393 490 2450 scholiorum
514 2410 547 2448 ex
574 2395 627 2449 hoc
651 2396 774 2450 carmine

265 2482 314 2520 eos
330 2466 510 2534 depromptos
526 2481 656 2521 essenon
694 2466 775 2520 roba·

266 2536 325 2592 bile
354 2537 410 2604 θεὴ,
441 2553 602 2604 quanquam
624 2483 773 2658 probabile

265 2623 325 2662 esee
356 2606 485 2676 exposuit
509 2608 595 2662 etiam
648 2607 773 2662 choem.

265 2695 335 2733 com.
372 2696 400 2748 p.
433 2684 477 2732 22.
532 2675 681 2731 Dubii-avii
716 2677 774 2730 iam

266 2749 394 2804 Goetbl.
452 2746 493 2802 uf.
525 2746 642 2800 Sbeiiz.
673 2764 701 2816 p.
730 2753 772 2802 62.

264 2818 334 2873 Pal.
353 2821 412 2873 not.

303 2889 338 2943 V.
354 2893 413 2941 122.
447 2885 488 2941 cf.
501 2904 527 2940 v.
542 2891 595 2940 252
610 2903 667 2956 aeq.
695 2888 774 2943 Haec

268 2960 304 3014 de
318 2956 408 3027 geniis
424 2956 552 3012 doctrina
564 2974 622 3012 non
631 2960 675 3013 eei
688 2958 773 3014 Grae-

269 3047 317 3097 ca,
344 3027 393 3082 sed
411 3045 445 3082 ex
464 3027 583 3097 oriente,
603 3031 636 3083 ut
653 3029 773 3097 videtur,

266 3099 371 3168 petita,
399 3099 405 3110 “
447 3099 495 3153 oia
517 3099 617 3153 saltem
640 3098 771 3169 Homero,

267 3167 317 3238 qui
340 3168 384 3224 ita
431 3169 504 3238 dyas.
523 3170 615 3239 XVII,
634 3174 699 3224 485:
725 3175 778 3225 καί

265 3257 296 3294 τε
320 3239 388 3294 θεοὶ
416 3240 548 3305 ξείνοισιν
573 3235 698 3302 ἐοικότες
725 3237 774 3295 άλ-

265 3311 415 3364 λοδαποῐσι
445 3317 576 3365 παντοῖοι
607 3310 774 3374 τελέθοντες

266 3374 462 3450 ἐπιστρωφῶσι
484 3377 592 3448 πόληας
610 3377 774 3450 άνθράπων

263 3444 347 3523 όβριν
357 3471 386 3506 τε
396 3451 446 3506 καλ
456 3446 592 3521 εόνομίην
605 3447 772 3520 ἐφορῶντες.

265 3522 343 3588 Quae
352 3523 468 3592 negoh‘a
476 3523 552 3605 apud
559 3523 711 3577 Homerum
723 3523 772 3577 tri-

263 3593 388 3648 buuntur
402 3593 465 3662 diis,
481 3609 520 3648 ers
535 3593 611 3663 apud
620 3593 773 3649 Hesiodum

263 3665 399 3735 δαίμονες
418 3659 581 3733 ἐπιχθόνιοι
602 3665 766 3734 funguntur,

828 2251 990 2307 hanniel.
1005 2253 1023 2306 l.
1038 2271 1067 2322 p.
1084 2258 1144 2308 161.
1171 2252 1244 2306 Nam
1259 2256 1337 2309 reete

337 1142 371 1196 V.
393 1147 452 1196 122.
489 1139 591 1196 Plato
614 1141 649 1196 de
672 1157 729 1212 rep.
748 1141 783 1195 V.
807 1159 834 1211 p.
854 1147 929 1196 469.:
969 1137 998 1194 σί
1019 1138 1072 1211 μέν
1095 1141 1230 1210 δαίμονες
1252 1133 1336 1210 άμνολ
1451 1095 1452 1156 3

829 2324 864 2378 de
882 2323 936 2378 hoc
950 2323 1012 2378 loco
1026 2323 1235 2378 Plutarchus
1254 2324 1285 2377 in
1303 2324 1336 2379 li·
1451 2363 1452 2392 ,

828 2394 879 2448 bro
900 2393 934 2449 de
958 2393 1012 2449 def.
1032 2411 1105 2451 orae.
1126 2400 1173 2449 10:
1205 2389 1335 2458 Ἡσίοδος

829 2463 861 2519 δέ
894 2466 1030 2535 καθαρός
1062 2466 1112 2520 καί
1146 2464 1336 2535 διωρισμένως

830 2535 939 2604 πρῶτος
970 2531 1092 2605 ἐξέθηκε
1125 2536 1182 2590 τῶν
1215 2537 1336 2605 λογικῶν

827 2604 950 2676 τέσσαρα
969 2606 1052 2677 γένη,
1070 2603 1174 2676 θεσός,
1193 2602 1254 2662 εἶτα
1273 2609 1336 2662 δαί·

828 2697 917 2747 μονας
945 2676 1066 2740 πολλοὺς
1095 2673 1245 2747 κάγαθοός
1278 2680 1335 2745 (oe-
1450 2729 1451 2745 ,

827 2765 911 2802 neum
929 2767 1017 2818 genus
1036 2766 1093 2803 non
1113 2749 1197 2803 durat·
1213 2748 1278 2803 ideo
1299 2766 1335 2804 ue

827 2835 883 2874 uon
901 2822 1065 2874 numeratur
1082 2819 1112 2873 in
1135 2818 1249 2889 geniis),
1273 2765 1334 2873 dvc

826 2883 934 2976 ἥρωας,
967 2887 1029 2944 εἶτα
1062 2885 1245 2959 ἀνθρώπους,
1277 2890 1334 2943 τῶν

826 2959 957 3029 ημιθέων
981 2959 1023 3023 είς
1044 2954 1139 3030 ἥρωας
1161 2955 1334 3030 άποκρνθέν-

826 3051 891 3098 των,
910 3030 958 3086 ubi
972 3047 1077 3100 genera
1091 3047 1214 3098 aureum,
1234 3047 1332 3100 argen-

828 3103 906 3156 teum
934 3103 963 3155 et
990 3118 1108 3156 aeneum
1135 3118 1191 3156 uno
1219 3117 1334 3170 corpore

828 3166 975 3240 δαιμόνων
988 3173 1098 3226 πολλῶν
1109 3167 1248 3241 κάγαθῶν
1259 3189 1333 3226 com·

827 3243 986 3312 prehendit.
1020 3243 1112 3297 Aliter
1130 3242 1165 3296 de
1183 3244 1218 3297 Ιε.
1239 3244 1268 3296 ei
1284 3242 1331 3298 Os.

828 3319 871 3369 26.
890 3309 1027 3382 Μάκαρες
1038 3315 1144 3379 θνητοί
1156 3312 1261 3368 similes
1270 3315 1335 3368 euni

827 3383 1334 3452 Manibue‚dequibuav.Mdller.

827 3454 886 3510 nu.
906 3454 940 3509 H.
959 3472 986 3524 p.
1007 3459 1049 3509 95.
1089 3454 1246 3509 Daemones
1264 3453 1333 3508 mali

827 3519 990 3594 ἀλάστορες)
1017 3525 1140 3595 primum
1168 3542 1186 3580 a
1214 3524 1334 3579 Zaleuco

827 3595 863 3663 (si
894 3596 978 3650 modo
1007 3613 1089 3650 verus
1117 3598 1161 3650 ee’c
1188 3595 1334 3664 Zaleucus)

827 3668 1019 3721 memorantur
1046 3667 1121 3736 apud
1150 3665 1333 3721 Siobacum

263 3736 299 3790 ab
318 3734 388 3805 ipsis
406 3734 461 3789 diis
477 3751 646 3804 magnopere
661 3736 773 3790 diversi.
828 3737 952 3792 Senient.
971 3756 999 3807 p.
1018 3740 1083 3792 279.
1111 3736 1214 3791 Poeiea
1233 3737 1333 3791 Thale-

263 3804 453 3862 Menander
480 3805 654 3871 (Meinekii
671 3805 773 3876 fragm.
826 3807 864 3862 tis
883 3806 1011 3862 doctrina
1029 3807 1120 3862 simile
1135 3807 1203 3875 quid
1223 3807 1334 3862 videtur

264 3877 339 3944 poet.
360 3894 431 3933 com.
450 3877 499 3933 IV.
517 3895 545 3946 p.
560 3881 647 3946 238.):
666 3870 773 3932 άπαντι
826 3878 978 3948 aperuisse,
996 3880 1029 3933 ut
1047 3880 1083 3933 ab
1100 3878 1282 3947 Athenagora
1300 3894 1334 3932 ea

263 3949 374 4015 δαίμων
417 3943 501 4015 α’νδρλ
547 3949 773 4016 συμπαρίσταται
826 3949 949 4003 truditur
963 3949 1028 4019 (leg.
1041 3966 1092 4019 pro
1103 3947 1204 4004 chrisa
1219 3966 1246 4017 p.
1258 3952 1283 4004 8.
1298 3947 1331 4002 Η.

262 4011 355 4100 εὐθὺς
401 4017 546 4103 γενομένῳ
587 4015 771 4106 μυσταγωγός
827 4019 901 4110 δάμη
918 4020 1028 4090 πρῶτος
1047 4019 1142 4088 Θαλῆς
1157 4021 1272 4105 deamat]
1285 4013 1333 4088 (ὡς

261 4107 313 4212 ἷέἷ
330 4089 771 4229 Εέόιέέἔέ”ιῗιῗόὲὲοόέθζξὲι
825 4085 1331 4232 ξὲιτιῖιῗὶλᾯῗλιῖλόλὲἲόῗλἓξὲξ

262 4228 352 4284 vibam
364 4231 525 4284 terrestrem
535 4232 715 4300 transactam,
729 4231 770 4284 di·
824 4229 866 4294 είς
889 4233 940 4286 δαί
960 4251 1036 4300 ονας,
1060 4229 1101 4295 είς
1128 4225 1236 4300 ἥρωας·
1260 4225 1330 4285 άλλόι

263 4299 374 4369 gnitate
389 4303 545 4368 sequuntur
558 4297 684 4371 μάκαρες
696 4305 769 4370 θνη-
823 4298 898 4357 θεὸν
916 4252 968 4372 μέν
991 4299 1042 4357 τόν
1060 4303 1132 4357 νοῦν
1149 4302 1201 4357 τοῦ
1220 4297 1328 4372 κόσμον
