2892 4902
1118 337 1208 384 XLIII

130 481 292 560 religionis
318 483 498 542 Graecorum
526 483 679 560 politicae,
706 501 767 543 non
794 483 963 544 mirandum
992 487 1039 544 est
1068 485 1208 546 uberiore

132 592 151 632 u
172 575 267 648 poeta
291 573 431 632 ornatum
459 590 524 631 esse
553 572 760 647 descriptione.
805 573 931 632 Factum
953 573 984 632 id
1008 576 1055 633 est
1077 573 1207 650 primum

134 661 414 721 Titanomachis
442 662 642 734 617-745,
674 679 734 736 qua
761 661 899 738 iuppiter
926 662 1086 738 imperium
1118 679 1207 722 suum

134 750 264 810 feliciter
287 752 391 810 contra
413 749 653 824 pristinorum
680 751 826 809 deorum
847 751 996 826 impetum
1017 753 1136 811 tutatus
1160 754 1207 811 est

133 838 317 915 tandemque
349 837 512 916 Olympum
544 839 658 914 regiam
696 839 754 898 sibi
786 839 908 916 suisque
927 839 1002 905 ,diis
1041 841 1206 899 constituit.

135 926 210 986 (lum
232 929 291 986 hac
313 927 485 987 narratione
504 927 626 1004 egregie
649 928 790 988 cohaeret
811 926 854 1001 id,
879 927 958 1004 quod
982 927 1018 987 de
1041 928 1206 1010 inferorum

134 1017 260 1076 deorum
289 1016 359 1076 sede
387 1018 477 1092 etque
506 1015 542 1075 de
569 1034 667 1092 poena
693 1016 818 1090 periurii
846 1017 969 1076 deorum
996 1035 1093 1094 usque
1117 1019 1207 1079 adv.

135 1107 197 1166 806
223 1123 241 1164 a
263 1109 354 1181 poeta
378 1104 546 1180 expositum
569 1107 624 1164 est.
665 1104 773 1166 Altera
794 1106 897 1164 sutem
920 1105 1104 1182 theogoniae
1126 1125 1206 1184 pers,

135 1213 211 1269 quae
238 1195 313 1254 item
339 1194 447 1254 merito
470 1193 607 1253 uberiore
629 1194 744 1269 gaudet
768 1193 965 1270 expositione,
993 1198 1041 1254 est
1062 1195 1207 1256 Prome-

134 1283 213 1342 thia
241 1303 259 1342 a
282 1304 311 1344 v.
335 1285 524 1357 sot-616,
553 1301 613 1358 qua
639 1301 768 1359 regnum
796 1301 884 1342 suum
911 1283 948 1340 in
970 1282 1134 1344 homines
1157 1285 1206 1343 fir-

133 1372 223 1431 miter
246 1391 282 1430 ae
305 1391 408 1432 severe
431 1371 589 1432 constituit
606 1371 750 1447 iuppiter.
786 1370 908 1431 Rationi
926 1390 997 1431 vero
1016 1392 1139 1448 prorsus
1159 1378 1207 1434 est

135 1463 382 1533 consentaneum,
407 1460 485 1537 quod
509 1460 604 1520 levius
628 1462 781 1520 certamen
799 1452 856 1539 (sic
879 1459 958 1520 enim
982 1461 1080 1520 dicere
1102 1463 1207 1522 licebit

133 1548 212 1609 Iovis
241 1553 394 1609 eermmen
420 1568 488 1609 cum
516 1548 696 1610 Prometheo
724 1553 755 1608 et
781 1540 967 1630 hominihus)
994 1551 1206 1627 praegreditur

134 1638 268 1714 graviori
295 1657 363 1697 cum
391 1638 528 1697 omnibus
556 1637 716 1696 Titanibus
749 1637 913 1697 certamini.
963 1637 1074 1698 Postea
1107 1640 1204 1698 trihus

133 1727 179 1786 his
207 1728 360 1802 primariis
389 1726 540 1786 aetatibus
568 1726 685 1786 adiecta
713 1745 731 1784 a
754 1725 877 1786 Graecis
905 1730 1013 1802 quartu
1037 1730 1094 1801 est,
1120 1727 1204 1788 cuius

132 1816 272 1892 princeps
291 1817 434 1876 dicendus
453 1816 576 1891 Apollo,
595 1834 649 1874 rer
665 1833 739 1875 vare
758 1815 901 1874 ethicus
921 1819 965 1891 et,
984 1819 1020 1875 ut
1036 1816 1081 1876 ita
1099 1816 1205 1892 dicam,

133 1908 324 1982 aasymnetes
348 1896 390 1981 (v.
412 1904 657 1963 Aristotelem
684 1903 749 1962 Pol.
772 1903 828 1974 111,
852 1896 896 1982 9),
924 1906 1014 1980 quale
1036 1905 1205 1981 epithetum

132 2011 191 2052 nen
214 1993 372 2070 dedignati
399 1996 471 2052 sunt
493 1991 675 2052 Graecorum
703 1994 744 2051 dii
773 1987 814 2071 (v.
837 1992 1013 2054 Welcker.
1049 1993 1203 2055 Additam.

133 2082 170 2142 ad
193 2083 307 2159 Trilog.
330 2103 360 2158 p.
385 2079 477 2159 252),
505 2100 574 2141 eum
596 2081 734 2158 Iuppiter
756 2082 822 2156 ipse
844 2081 921 2140 nihil
943 2081 1098 2143 videretur
1121 2083 1205 2143 aliud

134 2189 211 2246 esse,
246 2190 336 2248 quam
369 2172 510 2246 antiquus
543 2170 655 2230 heroici
684 2171 827 2246 temporis
860 2189 912 2229 rex
944 2171 1094 2246 politicus.
1139 2172 1204 2232 Hoc

133 2262 235 2320 cutem
263 2261 374 2320 addere
401 2260 516 2332 licebit,
549 2278 585 2318 ex
616 2262 681 2319 tote
713 2278 803 2335 quem
835 2259 1027 2335 exposuimus
1061 2263 1205 2337 quattuor

133 2349 303 2409 divinarum
326 2349 461 2409 aetatum
488 2347 687 2424 descriptione
715 2347 881 2407 certissime
905 2367 1050 2424 apparere
1071 2349 1204 2409 nondum

132 2442 269 2498 sanctum
292 2438 387 2497 fuisse
410 2436 536 2497 Hesiodi
558 2439 693 2512 tempore
717 2437 934 2496 duodenarium
960 2437 1047 2495 illum
1070 2435 1204 2514 Olympi-

132 2545 235 2587 corum
269 2528 392 2586 deorum
423 2545 593 2600 numerum,
625 2544 684 2601 quo
711 2525 776 2585 Iovi
809 2528 841 2584 et
866 2524 989 2598 iunoni,
1022 2525 1144 2585 Plutoni
1172 2531 1204 2586 et

132 2614 247 2692 Cereri,
276 2615 418 2691 Neptuno
446 2618 477 2674 et
499 2615 612 2674 Vestee
636 2605 764 2695 (Theog.
788 2605 869 2695 453)
897 2611 1006 2673 adiecti
1035 2619 1106 2673 sunt
1128 2614 1202 2673 Vul-

131 2723 222 2764 canus
252 2708 284 2764 et
306 2704 455 2778 Minerva,
482 2704 564 2762 Mars
592 2706 623 2763 et
645 2703 761 2778 Venus,
789 2703 898 2778 Apollo
926 2705 957 2762 et
985 2701 1093 2762 Diana
1138 2703 1201 2764 Hos

131 2794 209 2854 enim
234 2811 407 2870 quanquam
424 2793 509 2853 novit
528 2791 691 2867 Hesiodus,
714 2795 818 2851 tamen
835 2793 879 2850 ite
898 2794 1111 2852 commemorat
1129 2793 1202 2853 locis

130 2883 209 2942 inter
233 2901 266 2942 se
290 2882 433 2955 diversis,
460 2885 496 2942 ut
518 2882 555 2940 de
578 2882 634 2941 hae
656 2901 690 2940 re
713 2880 853 2940 dubitare
876 2880 1060 2940 nonliceat
1105 2880 1202 2942 Nobis

130 2975 233 3031 autem
262 2970 388 3035 dubium
413 2989 474 3029 non
503 2973 562 3043 est,
591 2969 663 3045 quin
691 2987 774 3028 sacer
795 2969 848 3028 ille
872 2967 1070 3028 (ironidarum
1093 2970 1202 3030 duode-

129 3061 234 3120 narius
257 3077 401 3119 numerus
425 3058 606 3119 constitutus
630 3058 668 3117 ab
692 3058 928 3117 Atheniensibus
952 3058 1005 3134 sit,
1028 3058 1078 3118 vel
1100 3059 1200 3135 potius

131 3168 149 3208 a
162 3150 292 3226 Theseo,
312 3167 380 3208 cum
394 3146 614 3207 Panathenaeis
633 3146 782 3207 institutis
800 3147 957 3207 duodecim
970 3147 1068 3207 curies
1083 3147 1201 3208 Atticas

131 3239 222 3298 etiem
244 3237 400 3314 religionis
423 3236 542 3298 vinculo
565 3236 773 3312 coniungeret;
795 3235 840 3295 ita
863 3237 977 3296 factum
1001 3240 1060 3310 est,
1083 3239 1119 3296 ut
1142 3238 1201 3317 sin-

130 3329 272 3403 grlsrum
299 3326 451 3386 curiarum
480 3326 600 3402 singula
626 3325 763 3400 numine,
787 3344 863 3400 quae
882 3344 1017 3402 quaeque
1040 3326 1201 3401 praecipue

131 3417 277 3492 colerent,
299 3414 507 3490 reciperentur
529 3415 561 3474 in
580 3431 698 3474 sacrum
716 3416 842 3474 coetum.
878 3414 943 3473 Hoc
961 3415 1011 3474 vel
1029 3433 1063 3474 eo
1082 3415 1201 3474 susten-

130 3507 226 3577 tatur,
257 3504 337 3580 quod
364 3503 456 3562 etiam
482 3503 654 3563 Atticorum
680 3505 828 3579 quattuor
849 3502 1043 3579 antiquorum
1064 3503 1200 3562 tribuum

130 3592 251 3652 nomina
279 3592 416 3652 derivate
444 3595 514 3652 sunt
542 3611 560 3650 a
588 3593 672 3651 cultu
700 3595 844 3668 quattuor
871 3593 996 3650 deorum
1022 3593 1054 3650 in
1081 3611 1200 3652 sacrum

131 3685 249 3740 coetum
266 3684 470 3757 receptorum:
495 3674 581 3756 Διᾶς,
600 3674 759 3758 Ἀθηναΐς,
777 3673 995 3756 Ποσειδωνιᾶς,
1014 3673 1200 3758 ‘Heratemis

131 3769 178 3829 Sic
200 3770 297 3846 igitur
314 3788 439 3845 prorsus
457 3770 681 3846 adstiprdamur
699 3769 914 3844 Gerhardio,
933 3769 998 3830 viro
1018 3769 1199 3846 doctissimo,

131 3859 181 3934 qui
212 3859 245 3918 in
277 3859 526 3919 commentatione
559 3859 595 3917 de
628 3858 783 3919 duodecim
811 3858 993 3919 Graecorum
1024 3859 1197 3919 numinibus

131 3951 200 4023 ps
231 3949 276 4007 ita
304 3947 422 4008 scribit:
455 3946 609 4024 „Unserer
637 3947 795 4006 Annehme
814 3948 901 4006 nach
933 3947 1000 4006 sind
1032 3948 1080 4007 die
1111 3949 1203 4008 zwdlf

132 4034 238 4096 Gdtter
271 4037 320 4096 ein
351 4037 415 4096 lose
444 4036 654 4097 verbundener
685 4035 796 4094 Verein
832 4036 1031 4096 helleniseher
1068 4035 1198 4096 Stemm-

133 4126 303 4202 gottheiten
320 4125 546 4186 verschiedenes
565 4125 754 4202 Ursprungs‚
778 4125 873 4185 denen
892 4125 939 4185 die
962 4125 1073 4203 heilige
1092 4125 1198 4186 Zwo'lf-

132 4215 197 4275 zahl
207 4236 243 4275 zu
252 4214 480 4292 nothddrftiger
490 4214 612 4274 Einheit
626 4209 777 4287 verhali“,
790 4216 857 4290 etp.
871 4216 924 4275 13:
942 4213 1070 4288 „Dieser
1084 4233 1198 4290 augen-

131 4302 256 4382 illlligen
273 4303 496 4381 Verhntlpfung
518 4302 747 4364 verschiedener
770 4301 1056 4381 Stammgottheiten
1078 4310 1198 4380 gemtss
