2904 4900
577 315 850 371 FRAGMENTA.

562 531 742 596 Lxxxlv.
769 531 872 616 (183.)

256 653 379 724 ¹Hygin.
403 656 512 708 Astron.
541 653 581 721 11,
610 660 656 708 20:
685 653 790 708 Aries.
828 653 881 707 Hie
904 652 1080 709 existimetur
1103 669 1177 722 esse,
1200 652 1250 721 qui

182 741 317 796 Phrixum
336 745 365 796 et
377 742 478 798 Hellen
492 742 669 797 transtulisse
688 743 778 796 dietus
797 743 840 796 est
856 759 907 810 per
924 741 1146 812 Hellespontum,
1166 759 1250 810 quem

181 830 322 886 Hesiodus
346 833 375 886 et
399 831 574 900 Pherecydes
600 832 641 886 eit
663 831 793 886 habuisse
817 847 929 884 auream
952 831 1064 900 pellem.
1100 832 1249 886 Pseudo-

183 918 359 974 Eretosth.
380 917 484 974 catast.
504 925 537 974 19
556 919 662 989 γρυσῆν
680 916 777 988 δοράν.
815 917 853 973 ef.
874 919 973 989 fragm.
993 920 1052 974 XII.

577 1080 738 1146 Lxxxv.
773 1081 853 1166 (ιι.)

258 1201 368 1258 Sehol.
387 1203 544 1272 Apellen.
568 1202 620 1272 IV,
643 1209 708 1257 284:
730 1198 858 1266 Ἡσίοδος
881 1201 913 1258 δέ
932 1199 981 1257 διά
1002 1199 1124 1266 Φάσιδος
1143 1199 1250 1266 αὖτούς

185 1285 264 1360 (τούς
279 1285 473 1359 Ἀργοναύτας)
492 1289 723 1353 είςπεπλευιιέναι
742 1291 826 1361 λέγει.

569 1453 748 1519 Lxxxvr
778 1452 859 1540 (ιε.)

256 1571 365 1629 Sohol.
385 1576 497 1644 Apoll.
526 1576 578 1643 IV,
602 1582 667 1630 259:
691 1571 819 1638 Ἡσίοδος
846 1575 878 1630 δέ
902 1578 951 1631 ιιαὶ
970 1577 1112 1645 Πίνδαρος
1136 1570 1168 1629 έν
1187 1578 1248 1628 Πυ-

184 1664 330 1727 θιονίιαις
348 1664 397 1718 ιιαὶ
420 1659 577 1735 Ἀντίμαχος
605 1661 636 1720 ἐν
655 1660 736 1736 Λάδῃ
755 1661 804 1719 διὰ
822 1666 873 1720 τοῦ
893 1660 1022 1722 οἳιιεανοῦ
1042 1683 1129 1734 φασιν
1150 1662 1248 1720 ἐλθεῖν

183 1746 290 1815 αὐτους
309 1747 386 1822 (τούς
406 1747 601 1823 Ἀργοναύτας)
625 1752 666 1816 είς
684 1749 793 1824 Λιβύην
817 1754 866 1808 eal
885 1750 1079 1825 βαστάσαντας
1097 1750 1149 1822 τὴν
1165 1749 1246 1824 Ἀργοΐι

184 1837 225 1902 εἰς
241 1836 273 1894 τὰ
293 1835 431 1910 ἡμέτερον
449 1839 570 1911 πέλαγος
588 1840 733 1910 γενέσθαι.

560 2002 866 2089 Lxxxvr1.(so.)
923 2011 934 2048 ·

256 2122 366 2178 Schol.
385 2124 497 2192 Apoll.
517 2123 556 2194 ll,
580 2131 644 2180 178:
668 2121 707 2188 ως
725 2124 757 2180 δέ
773 2121 901 2189 Ἡσίοδός
920 2145 1020 2196 φησιν,
1045 2129 1176 2191 Φοίνικος
1194 2129 1244 2184 τοῦ

176 2205 324 2281 Ἀγήνορος
342 2211 390 2267 uel
409 2213 597 2275 Κασσιεπείας
617 2211 692 2284 [υίὸς
709 2206 746 2282 ἦν
765 2210 890 2286 Φινεάς].

359 2381 362 2388 ·
470 2373 683 2440 Lxxxvm.
712 2373 801 2461 (160.
824 2378 876 2441 ει.
901 2375 967 2463 σε.)

254 2496 363 2552 Schol.
382 2497 492 2566 Apoll.
513 2497 555 2567 ΙΙ,
585 2503 647 2552 181:
676 2499 864 2568 πεπηρῶσθαι
886 2497 922 2552 δέ
943 2496 1032 2552 Φινέα
1056 2495 1246 2570 φησίνἩσίο-

185 2587 233 2648 θος
252 2581 284 2640 έν
302 2582 437 2656 μεγάλαις
453 2580 573 2655 Ἠοίαις,
597 2579 642 2640 ὅτι
661 2587 752 2660 Φρίξῳ
771 2582 824 2655 τὴν
843 2582 912 2650 ὁδὸν
932 2583 1085 2660 ἐμήνυσεν,
1105 2584 1136 2643 έν
1156 2586 1188 2644 δέ
1207 2590 1245 2663 τῷ

183 2670 207 2742 γ’
226 2673 403 2744 καταλόγων,
428 2669 526 2742 ἐπειδὴ
550 2670 601 2730 τὸν
624 2671 734 2745 μακρὸν
757 2671 860 2745 χρόνον
884 2677 934 2745 τῆς
957 2672 1053 2746 ὅψεως
1070 2677 1245 2748 προέκρινεν.

183 2761 223 2816 Cf.
251 2763 402 2818 Eudoeie.
428 2781 454 2832 p.
484 2769 545 2817 415.
593 2762 661 2818 Cum
690 2764 743 2818 hoe
772 2764 949 2819 ooniunotum
976 2765 1032 2820 fuit
1058 2767 1133 2834 quod
1160 2768 1247 2823 hebet

183 2851 275 2906 Sehol
293 2852 380 2908 Poris.
399 2853 436 2908 ed
454 2854 472 2907 l.
491 2854 524 2907 l.:
548 2855 655 2915 παῖδας
673 2853 706 2908 δέ
726 2871 812 2923 φησιν
831 2849 908 2924 αυτῷ
928 2853 976 2927 (τῷ
997 2857 1089 2924 Φινεῖ)
1109 2855 1246 2924 γενέσθαι

177 2937 305 3004 Ἡσίοδος
323 2937 532 3010 Μαριανδυνὸν
550 2943 599 2996 ιιαὶ
618 2937 723 2997 Θυνόν.

541 3105 720 3172 Lxxrnx.
748 3103 829 3193 (10.)
917 3097 920 3103 ’

253 3225 363 3280 Schol.
388 3226 496 3296 Apoll
522 3227 547 3294 Ι,
572 3231 638 3280 482:
658 3221 786 3290 Ἡσίοδος
808 3225 841 3282 δέ
865 3222 982 3292 Ἀλωέως
1006 3230 1056 3284 καὶ
1076 3225 1246 3302 Ἰφιμεδείας

181 3308 242 3368 κατ’
263 3309 417 3382 ἐπίκλησιν,
436 3319 499 3375 ταῖς
517 3310 720 3384 δέάληθείαις
738 3317 918 3380 Ποσειδῶνος
935 3317 983 3374 καὶ
1000 3312 1170 3390 Ἰφιμεδείας
1189 3317 1245 3390 έφη

180 3397 257 3471 (τούς
273 3397 422 3472 Ἄλωίδας),
441 3397 593 3471 salmoe,
616 3399 699 3458 πόλιν
720 3403 854 3469 Αἰτωλίας
874 3400 931 3462 ὑπὸ
953 3407 1005 3462 τοῦ
1025 3405 1131 3476 πατρὸς
1149 3404 1245 3464 αὐτῶν

181 3484 321 3560 ἐκτίσθαι,
339 3484 373 3560 ἦς
384 3485 506 3562 Ὅμηρος
522 3487 703 3561 μνημονεύει.
723 3493 765 3561 (Il.
784 3494 819 3562 Π,
839 3495 909 3562 682).
947 3493 1090 3562 [Scholion
1104 3513 1154 3551 suo
1168 3515 1245 3554 more

180 3578 346 3647 oompllevit
362 3577 482 3634 Eudoo.
501 3596 528 3648 p.
550 3579 607 3650 3ἵ.]

612 3715 679 3810 xo.
707 3741 810 3828 (158.)

252 3862 361 3918 Schol.
381 3863 490 3934 Apoll.
510 3865 562 3933 IV,
581 3871 628 3918 5⁷:
653 3859 685 3918 έν
708 3861 740 3917 δέ
764 3871 828 3928 ταῖς
850 3862 984 3936 μεγάλαις
1004 3859 1110 3929 Ἠοίαις
1132 3868 1244 3937 λέγεται

179 3946 230 4005 τὸν
246 3945 423 4020 Ἐνδυμίωνα
438 3947 632 4022 άνενεχθῆναι
645 3946 701 4005 ὑπὸ
716 3952 767 4006 τοῦ
782 3949 853 4016 Διὸς
867 3952 909 4016 είς
927 3949 1063 4024 οὐρανόν·
1083 3949 1243 4024 ἐρασθέντα

180 4037 212 4093 δέ
225 4033 313 4108 Ἥρας
332 4035 437 4113 είδάλφ
460 4041 707 4109 παραλογισθῆναι
730 4037 793 4112 [τὸν
813 4040 914 4113 ἔρωτα]
939 4041 1059 4112 νεφέλης
1078 4046 1127 4098 καί
1145 4041 1243 4118 έιιβλη-

179 4125 270 4182 θέντα
297 4131 450 4183 κατελθεῖν
469 4127 510 4191 είς
526 4123 627 4185 ’Ἅιδου
666 4129 750 4202 [Hinc
774 4130 896 4200 corrigas
918 4130 1039 4184 Eudoo.
1063 4149 1091 4200 p.
1111 4139 1175 4189 148:
1195 4134 1244 4188 nel

180 4211 351 4286 Θεόπομπος
376 4211 407 4272 έν
431 4225 493 4282 ταῖς
516 4216 651 4290 μεγάλαις
672 4215 777 4281 Ἠοίαις
804 4213 854 4276 τὸν
875 4213 1051 4286 Ἐνδυμίωνα
1078 4221 1154 4291 λέγει
1177 4220 1242 4277 α’νε-

177 4305 318 4373 νεγθῆναι
336 4299 393 4360 ὑπὸ
413 4302 484 4369 Διὸς
504 4305 544 4370 είς
563 4303 708 4379 οὐρανόν]
