2892 4902
217 324 290 372 Lxx
592 330 616 422 ι

345 579 356 596 .
466 503 541 568 ¹111.
571 511 620 567 De
643 509 849 567 editionibus
868 507 1018 566 Hesiodi.
1074 519 1076 526 ⁴

219 625 387 714 (Asterisco
415 649 492 707 quae
520 633 642 692 notatae
670 635 749 708 sunt
769 631 914 691 editiones
941 633 1061 707 praesto
1088 649 1147 689 non
1176 595 1291 710 erant.)

311 730 344 819 1)
375 737 499 798 Editio
531 738 709 798 Demetrii
736 737 1005 815 Chalcondylee
1036 738 1105 798 circ.
1133 757 1160 797 a.
1194 739 1311 817 1493.Ι

219 827 263 887 De
287 845 346 903 que
369 827 481 888 Rani.
506 825 600 886 Scut.
624 848 653 904 p.
678 829 755 886 308:
788 826 935 902 „Initium
958 827 1064 888 edendi
1087 827 1217 887 Hesiodi
1241 845 1291 886 ers

218 914 439 992 typographica
470 915 542 976 fecit
574 915 734 992 vulgandis
768 915 839 976 solis
864 910 911 976 Ἒ.
927 913 983 984 οιαὶ
1010 909 1056 976 Ἡ.
1088 919 1158 992 post
1185 915 1293 975 XVHI

220 1005 372 1065 Theocriti
399 1004 522 1080 Idyllie,
553 1004 604 1064 fol.
634 1005 698 1064 sine
726 1005 808 1081 anni,
837 1005 895 1064 loci
917 1008 948 1065 et
969 1005 1102 1065 Editoris
1125 1005 1292 1076 mentione,

219 1094 272 1153 sed
300 1097 335 1154 ut
363 1094 549 1154 litteratores
577 1111 616 1153 ex
640 1093 790 1154 nonnullis
818 1093 934 1152 indiciis
961 1097 1042 1154 recte
1072 1095 1291 1167 coniectarunt,

218 1202 244 1244 a.
275 1184 359 1243 1493
389 1200 442 1242 scu
469 1183 585 1259 aliquot
613 1200 658 1242 ua.
686 1185 770 1256 ante,
798 1181 958 1241 Mediolani
986 1185 1110 1242 curante
1132 1182 1291 1242 Demetrio

219 1270 429 1348 Chalccndyle.
463 1271 551 1330 Illius
565 1271 642 1331 enim
658 1270 781 1330 editoris
795 1270 878 1329 urbis
898 1274 929 1330 et
946 1271 1017 1330 anni
1034 1274 1124 1331 notae
1141 1272 1292 1349 leguntur

219 1361 406 1438 subscriptae
423 1360 565 1436 Isocrati,
583 1359 614 1419 in
633 1359 736 1419 eodem
750 1359 872 1418 chartae
889 1377 1000 1435 genere
1018 1359 1188 1437 iisdemque
1206 1359 1291 1436 typis

217 1449 372 1525 impresso.
411 1448 496 1508 Unde
515 1447 635 1524 accidit,
654 1450 690 1507 ut
707 1446 779 1505 alibi
797 1448 860 1506 tres
879 1447 925 1505 illi
943 1467 1002 1508 uno
1023 1449 1176 1508 volumine
1194 1448 1292 1508 iuncti

217 1539 435 1614 reperirentur,
455 1537 586 1597 Isocrate
600 1539 778 1612 praeeunte,
791 1536 889 1594 rarius
903 1538 1016 1610 tamen,
1032 1555 1123 1612 quam
1136 1538 1290 1598 Isocrates

218 1628 312 1702 solus,
332 1628 421 1704 quale
435 1626 587 1700 exemplar
604 1625 819 1701 perpulchrum
837 1624 996 1699 aliquando
1014 1625 1045 1684 in
1060 1625 1203 1686 Paullina
1217 1625 1291 1686 bibl.

218 1714 339 1791 Lipsiae
368 1716 510 1790 vidimus,
539 1714 591 1774 cfr.
614 1713 756 1774 Veleken
784 1713 815 1771 in
843 1713 937 1788 praef.
959 1714 992 1772 in
1015 1714 1140 1775 Theocr.
1186 1715 1288 1774 Minus

218 1807 300 1864 recte
327 1803 422 1879 igitur
445 1803 555 1861 dicitur
581 1803 654 1861 haec
681 1801 773 1861 editio
804 1804 923 1878 purtem
950 1803 1057 1862 iecisse
1080 1803 1227 1864 Isocratis
1260 1805 1291 1861 et

218 1891 323 1951 eodem
341 1893 406 1967 ipso
426 1904 503 1950 anno
522 1889 678 1964 prodiisse.
714 1888 803 1949 Prius
821 1909 927 1950 verum
944 1909 1005 1950 non
1023 1909 1101 1966 esse,
1125 1893 1289 1969 adspectus

116 1973 119 1983 ¹
218 1980 317 2056 docet3
341 1979 490 2055 posterius
514 1997 551 2036 ne
574 1978 674 2053 ipsum
693 1977 813 2054 quidem
831 1978 905 2047 satis
924 1980 1080 2055 probabile
1099 1978 1173 2043 est.“
1212 1980 1289 2069 Hinc
1415 1979 1416 1984 ’

125 2059 129 2074 ’
217 2069 349 2144 corrigas
374 2067 500 2128 Schoell.
524 2063 583 2124 Lit.
607 2065 658 2128 Gr.
680 2066 704 2125 I.
727 2085 756 2142 p.
782 2067 854 2126 134.

308 2151 344 2236 2)
386 2156 415 2213 A
440 2181 481 2204 =
507 2154 640 2214 Aldine
667 2173 694 2214 a.
729 2156 813 2215 1495
842 2156 893 2215 fol.
947 2156 1072 2216 Hesiodi
1104 2157 1288 2236 Theogonis.

217 2244 362 2304 Eiusdem
384 2243 508 2304 Soutum
531 2243 679 2305 Herculis.
715 2243 860 2302 Eiusdem
878 2243 1046 2320 Georgicon
1063 2233 1136 2305 libri
1159 2247 1231 2307 duo.
1248 2275 1285 2286 ·-
1385 2303 1388 2311 .

218 2331 294 2391 Oum
317 2333 483 2392 Theocrito.
512 2331 696 2408 Impressum
719 2331 855 2392 Venetiis
874 2332 1097 2394 characteribus
1117 2354 1152 2395 ac
1176 2333 1285 2396 studiis
1384 2377 1386 2382 .
1416 2339 1417 2350 ¹

217 2421 290 2480 Aldi
312 2421 442 2481 Munucii
465 2421 600 2483 Romani.
645 2421 690 2480 De
713 2419 877 2494 codicibus,
906 2422 1015 2496 quibus
1040 2422 1138 2482 Aldus
1161 2424 1202 2483 ad
1227 2422 1287 2483 edi·
1332 2491 1335 2496 ²
1384 2452 1387 2460 Α

217 2511 331 2570 tionem
354 2527 439 2571 suem
462 2529 534 2568 usus
559 2511 618 2582 est,
641 2528 670 2569 v.
693 2509 873 2569 Mueteell
896 2509 933 2568 de
948 2528 1003 2570 em.
1019 2511 1131 2588 Theog.
1145 2532 1176 2589 p.
1192 2512 1287 2573 2-4.

218 2599 341 2675 Paley.
365 2598 458 2674 praef.
473 2598 517 2657 ed
535 2618 566 2674 p.
579 2596 710 2655 XXVIII
724 2589 800 2678 (eod.
814 2591 864 2678 K).
901 2598 1022 2659 Flach.
1040 2599 1089 2660 dle
1107 2600 1219 2662 beiden
1233 2603 1287 2660 eto.

217 2708 245 2763 p·
269 2688 394 2854 25338616.
406 2775 423 2832 1
436 2797 478 2822 =
488 2773 637 2832 Iuntina
647 2793 673 2831 a.
686 2775 769 2834 1515
782 2771 951 2834 Florentiae
962 2775 1109 2851 impressa
1118 2776 1284 2838 insedibus

217 2862 350 2938 Philippi
373 2862 489 2922 Iuntue.
535 2861 646 2920 Textus
670 2860 795 2921 Hesiodi
819 2861 978 2923 mammem
1000 2867 1119 2940 partem
1142 2866 1286 2926 Aldinam
1381 2877 1387 2886 ·

218 2951 363 3027 sequitur.
391 2949 553 3010 Praeterea
567 2949 772 3026 Theognidem
786 2968 853 3023 cum
867 2951 1002 3011 aliorum.
1009 2954 1128 3028 gnomis
1143 2954 1284 3016 continet.

307 3033 342 3118 4)
365 3038 403 3096 It.
428 3041 446 3096 2
468 3063 509 3086 =
529 3037 680 3097 Iuntina
698 3057 723 3097 a.
746 3039 839 3098 1540.
876 3039 958 3099 Haec
977 3041 1069 3101 editio
1089 3045 1223 3119 repetita
1241 3043 1286 3100 est

217 3126 354 3186 Venetiis
373 3145 409 3185 ex
428 3125 548 3184 officina
569 3126 682 3186 Ferrea
707 3127 802 3185 1543.
848 3126 884 3186 V.
899 3126 1113 3190 Hoffmanni
1139 3131 1285 3206 Bibliogr·
1395 3185 1396 3188 ,

217 3215 288 3274 ΕΘΚ·
307 3213 361 3381 ii*
374 3215 566 3362 1iiaiiirieniis
580 3321 607 3361 u.
624 3304 706 3362 1521
723 3302 870 3377 impresse
884 3303 964 3379 apud
981 3305 1178 3382 Trebonium,
1201 3307 1286 3369 textu

217 3389 307 3449 ducto
332 3409 369 3450 ex
391 3390 511 3450 Aldine.

308 3470 342 3559 6)
366 3479 416 3539 Tr.
438 3479 488 3538 vel
511 3479 544 3539 T.
564 3503 606 3528 =
625 3479 675 3539 ed.
698 3478 860 3538 Victoris
884 3479 1123 3570 Trineavelli.
1160 3485 1237 3546 Ven.
1260 3501 1285 3541 a.

217 3652 368 3717 ταταθοῖο,
387 3653 422 3704 54
440 3647 513 3717 περὶ,
536 3651 570 3701 55
590 3648 697 3716 χαίροις
716 3676 749 3685 -
768 3640 973 3717 insecuturae,
992 3655 1027 3704 56
1047 3653 1096 3705 σοί
1110 3648 1133 3706 τ’
1154 3685 1189 3695 -
1209 3651 1285 3710 ἔσσο·

217 3718 339 3789 μὲνοισι,
367 3724 401 3775 58
428 3715 593 3787 τέρπονται,
622 3723 656 3771 60
683 3709 740 3785 ὅτι,
768 3722 801 3771 63
832 3719 1035 3788 παρθενικαῖς,
1063 3728 1097 3778 69
1128 3721 1233 3795 dodel,
1252 3727 1284 3777 71

219 3785 306 3858 ἐδοίῃ,
326 3795 360 3842 74
378 3790 509 3859 χρυσίοις,
530 3793 562 3854 75
579 3784 735 3853 εἰαρινοῖσι,
755 3792 788 3841 76
801 3781 963 3871 1ἐφήρμοσε,
983 3796 1015 3843 77
1035 3789 1164 3861 στήθεσι,
1184 3802 1218 3852 82
1237 3787 1284 3848 dl·

218 3857 686 3999 egge}hsfffoeffigdmrgsggjv
705 3855 759 3981 iii
776 3853 1048 3996 litaibiiidb
1075 3869 1127 3988 iii
1147 3863 1214 3990 “si'
1236 3867 1284 3988 ¹⁰5
1312 3958 1317 3971 ι

218 3949 270 4052 ier
290 3972 359 4053 eta.
377 3995 501 4072 ἡρήσειε,
523 4003 574 4053 134
592 3969 758 4066 deodatae,
779 4003 827 4051 rar
846 3989 880 4066 ἧ,
900 4003 951 4052 138
970 3973 1066 4070 τιμᾶέ,
1086 3948 1284 4068 raoi‘rcii'ivj

218 4075 269 4123 142
288 4065 403 4139 ὀπηδεῖ,
429 4076 478 4126 148
497 4065 632 4136 ἄπλατον,
657 4072 706 4122 149
726 4069 867 4140 στιβαροῖς
885 4068 1042 4139 μελέεσσιν,
1070 4079 1122 4128 150
1141 4083 1213 4146 τοῖς,
1235 4080 1282 4131 159

217 4134 330 4207 ἡρώων,
359 4147 410 4197 168
434 4135 558 4206 ὀπάσας,
584 4143 633 4191 169
657 4153 725 4205 om.,
749 4142 801 4191 178
819 4138 869 4191 τοῦ
890 4136 983 4209 ἔτους,
1007 4148 1060 4197 174
1079 4149 1215 4214 μεθεῖναι
1234 4144 1282 4202 sed

218 4226 350 4296 suprascr.
370 4217 469 4295 &1⁷⁹
489 4213 631 4292 κακοῖσιν,
657 4212 707 4262 186
727 4204 869 4275 ἐπέεσσιν,
894 4213 943 4263 187
964 4207 1035 4281 μὴν,
1064 4220 1116 4270 190
1137 4214 1231 4274 ἔσεται
1250 4245 1282 4256 -

217 4299 291 4350 esre,
312 4288 361 4337 191
381 4285 480 4353 pulos,
501 4284 551 4333 195
573 4294 688 4346 απασιν,
709 4281 909 4346 lesterneias,
930 4285 980 4335 199
999 4284 1068 4338 ἴτον.
