2948 4906
512 333 607 387 ΕΡΓΑ
625 333 686 386 ΚΑΙ
703 336 856 387 ΗΜΕΡΔῙ.

150 488 231 570 dces
255 489 330 557 decl
356 485 388 554 δ’
415 493 516 568 ἔζωον
539 486 665 575 ιἰκηδέα
688 485 803 574 θυμὸν
828 492 973 574 ἔχοντες,

149 595 276 682 νόσφιν
299 593 377 682 ἄτερ
400 621 435 662 τε
458 593 574 662 πόνων
597 595 653 662 καὶ
677 591 799 675 ὀϊζύος·
825 593 908 663 οὐδέ
927 623 958 664 τι
983 593 1096 664 δειλὸν

148 707 255 791 νῆρας
277 704 378 789 έπῆυ,
402 701 467 768 αἰεὶ
492 700 529 768 δὲ
551 700 658 780 πόδας
680 701 736 768 καὶ
759 715 872 790 χεῖρας
895 698 1008 789 ὁμοῖοι

147 807 302 898 τέρποντ’
328 810 366 875 έν
388 813 528 895 θαλίῃσι
550 811 663 874 κακῶν
688 811 850 876 ἔκτοσθεν
873 805 1045 876 ἁπάντων·
1166 826 1218 876 115

148 899 304 1000 θνῆσκον
328 912 359 980 δ’
386 911 431 993 ὥς
452 912 548 1007 ὕπνῳ
573 915 791 1001 δεδμημένοι·
815 911 921 982 έσθλᾶ
945 913 983 981 δὲ
1006 913 1115 982 πάντα

148 1032 259 1087 τοῖσιν
282 1024 354 1106 ἔην·
377 1017 507 1108 καρπὸν
532 1017 563 1086 δ’
590 1025 689 1110 ἔφερε
713 1024 868 1109 ζείδωρος
891 1018 1021 1109 ἄρουρα

149 1123 335 1213 αὐτομάτη,
357 1125 485 1194 πολλόν
508 1152 543 1193 τε
566 1127 621 1194 καλ
646 1125 820 1213 ἄφθονον·
845 1129 881 1194 ολ
902 1123 935 1192 δ’
962 1127 1121 1213 ἐθελημοὶ

147 1229 268 1318 ἥσυχοι
292 1230 363 1320 ἔργ’
390 1233 549 1319 ἐνέμοντο
573 1230 637 1299 σὺν
661 1234 838 1301 ἐσθλοῖσιν
860 1235 1054 1318 πολέεσσιν,

149 1337 299 1425 [ἀφνειοὶ
323 1337 472 1426 μήλοισι,
495 1343 590 1425 φίλοι
613 1337 796 1425 μακάρεσσι
818 1343 954 1422 θεοῖσι]
1167 1358 1218 1410 120

218 1533 253 1590 V.
274 1538 334 1587 112.
372 1528 409 1595 ὥς
432 1529 465 1587 δὲ
488 1531 556 1587 dccl
579 1527 701 1599 ζώεσκον
724 1533 788 1603 Bu,
807 1533 916 1588 Gaisf.
941 1549 975 1586 ex
993 1531 1075 1588 Diod.
1112 1533 1220 1589 Herm.

148 1603 439 1742 orphsspilsgoffl
457 1667 556 1728 πόνων
573 1673 632 1728 Me.
653 1673 731 1743 Vae,
751 1669 820 1743 ἄτερ
837 1694 869 1743 ηε
888 1695 917 1731 π.
936 1675 1022 1743 Med,
1042 1669 1217 1744 ἄτερθεΒτ.

148 1746 189 1814 (et
212 1745 252 1800 sic
269 1745 335 1800 Vat.
354 1751 393 1813 2.,
417 1745 466 1799 sed
488 1747 525 1798 θε
550 1747 653 1812 eraso),
676 1740 743 1815 ἄτερ
767 1741 857 1800 πόνου
880 1745 1216 1802 Pseudo-Herodian.

145 1815 357 1941 περὶᾶἄηέδὸἄ·
371 1821 468 1941 dulles
488 1882 625 1940 ἔντοσθεν
645 1881 742 1948 ἐόντες
759 1886 822 1940 MS.
841 1886 922 1943 Diod.

219 1957 253 2012 V.
274 1963 333 2012 ne.
372 1953 431 2027 ὡς]
450 1956 511 2011 Par.
531 1957 596 2011 Vct.
616 1963 640 2012 ο.
661 1951 742 2020 11ςοῖ

218 2028 253 2082 V.
273 2033 333 2084 118.
369 2022 460 2082 πολύν
478 2046 508 2082 τε
528 2027 583 2084 Vl.

219 2099 253 2152 V.
274 2105 334 2156 119.
372 2093 442 2168 ἔργ’
459 2093 646 2180 ἐνέμοντο]
663 2097 709 2152 Sic
722 2099 778 2154 Vl.
793 2100 853 2155 Mc.
869 2099 934 2153 Vat.
948 2099 1011 2155 Par.
1040 2099 1133 2168 Vulgo
1149 2096 1218 2169 ἔργα

147 2167 277 2240 νέμοντο.
296 2164 443 2250 -ἥσυχα
463 2167 531 2238 ἔργα
549 2169 662 2239 scripsrt
679 2169 786 2224 Bentl.
824 2163 916 2239 ἥσυχα
934 2164 1019 2252 δέρμ’
1039 2169 1085 2251 ΕΙ.

219 2240 254 2296 V.
275 2246 336 2295 120.
374 2239 427 2294 Hrc
454 2255 551 2294 versus
580 2243 760 2295 conservatus
789 2243 832 2294 est
859 2257 876 2295 a
904 2239 999 2297 Diod.
1033 2239 1088 2294 Src
1111 2240 1149 2309 V,
1173 2248 1215 2296 66.

146 2419 180 2472 nt
198 2435 232 2471 ex
250 2417 333 2471 malis
355 2416 484 2471 homines
503 2415 655 2471 obruituris
709 2418 879 2486 presserunt.
908 2415 937 2470 Si
952 2416 1119 2485 quisuntem
1131 2433 1214 2484 quae·

146 2488 256 2542 nullum
277 2487 406 2542 videatur
428 2485 568 2556 refugium
587 2503 654 2541 esse.
708 2489 761 2554 rat,
779 2505 829 2542 cur
842 2503 860 2540 a
873 2487 995 2542 metallis
1009 2486 1149 2541 aetatibus
1162 2487 1215 2542 tri-

148 2558 260 2613 Tertius
279 2557 399 2627 denique
419 2557 494 2612 orbis
515 2560 581 2627 post
598 2558 653 2612 He·
708 2558 760 2612 bus
778 2557 893 2612 nomina
916 2556 1051 2612 indiderit
1067 2557 1215 2626 Hesiodus,

147 2629 220 2685 siodi
230 2631 354 2684 aetatem
365 2631 509 2683 secuturus
517 2631 566 2685 est.
582 2630 655 2683 Tota
708 2644 799 2697 neque
819 2644 889 2698 opus
903 2631 948 2683 est
962 2646 1025 2683 cum
1040 2627 1216 2683 Goettlin-

145 2716 212 2756 vero
231 2699 330 2754 fabula
348 2698 431 2754 facile
445 2698 600 2768 explicatur
620 2715 654 2754 ex
707 2700 764 2768 gio
786 2699 912 2768 Theogn.
936 2705 988 2754 452
1018 2698 1159 2768 allegante
1187 2701 1217 2754 et

147 2771 264 2840 antiqua
278 2769 457 2839 persuasione
467 2771 503 2824 de
518 2769 653 2839 deprava·
707 2770 887 2825 metallorum
905 2769 1063 2840 robiginem
1083 2768 1217 2824 afferente

146 2841 224 2896 tione
247 2839 401 2896 hominum.
441 2841 655 2896 Prellerus
709 2843 822 2911 putare,
849 2841 906 2896 tria
923 2840 1052 2908 metalla
1077 2857 1150 2908 quae
1169 2840 1216 2894 hic

149 2928 216 2967 vero
236 2911 378 2978 (Demeter
400 2910 459 2964 und
476 2911 655 2981 Persephone
709 2913 896 2980 nominentur,
906 2912 1030 2966 moribus
1042 2911 1216 2980 singularum

146 3001 174 3053 p.
186 2984 249 3052 223)
264 2982 364 3036 statuit
381 2983 479 3050 gentes
494 2999 559 3036 vere
570 2982 655 3037 Grae·
709 2983 836 3038 aetatum
858 2982 1003 3038 simillima
1026 2998 1099 3050 esse,
1124 2997 1215 3049 neque

147 3070 193 3108 cas
211 3053 313 3107 hicin
332 3051 425 3106 animo
448 3051 579 3107 habuisse
599 3053 654 3108 He·
710 3070 773 3106 cum
796 3053 951 3108 Prellero
976 3052 1097 3121 Mysul
1124 3071 1151 3121 p.
1172 3058 1215 3122 69,

147 3123 267 3192 siodum‚
291 3123 466 3191 similemque
486 3123 655 3178 sententiam
709 3123 857 3192 Bergkio
881 3123 936 3179 Lit.
962 3123 1009 3179 Gr.
1027 3124 1041 3178 Ι
1062 3142 1090 3193 p.
1110 3128 1162 3176 94⁷
1185 3123 1216 3176 in

147 3195 251 3249 diserte
282 3193 417 3263 explicuit
445 3192 473 3247 Ο.
504 3194 549 3248 Fr.
572 3194 654 3248 Her·
710 3210 795 3248 aurea
813 3196 906 3249 aetate
925 3194 960 3248 de
978 3194 1126 3264 splendore
1143 3193 1216 3249 lucis

146 3283 295 3321 mannus.
328 3264 400 3317 Mihi
413 3266 509 3318 tamen
523 3266 598 3319 recte
612 3264 654 3319 vi·
708 3264 839 3333 vitaeque
857 3264 994 3320 felicitate
1014 3266 1100 3332 atque
1114 3264 1216 3319 amori-

147 3336 220 3391 disse
239 3335 452 3390 Voelclrerus
467 3333 653 3404 (Mythologie
707 3335 760 3389 bus
775 3335 910 3405 cogitare,
928 3335 958 3388 in
972 3338 1065 3390 aetate
1081 3337 1217 3405 argentea

146 3408 196 3461 des
223 3406 309 3488 iapet.
341 3405 521 3460 Geschleehts
548 3423 576 3475 p.
601 3411 653 3460 250
708 3406 742 3459 de
753 3405 861 3474 opibus,
876 3405 992 3474 divitiis,
1002 3406 1121 3460 luxuria.
1144 3407 1216 3460 Rem

147 3479 215 3547 seq.)
235 3475 395 3544 discrimen,
420 3476 494 3545 quod
518 3479 562 3532 est
580 3475 654 3530 inter
706 3477 850 3545 perspexit
863 3476 1013 3532 Schcem.
1025 3493 1069 3545 op.
1080 3477 1142 3545 Hp.
1153 3483 1216 3545 316,

147 3547 335 3603 nobilissimos
351 3547 481 3602 heroicae
491 3548 594 3602 aetatis
603 3547 653 3602 ho·
706 3547 838 3602 laudatus
867 3565 884 3602 a
911 3547 1010 3602 Roth.
1033 3547 1052 3602 l.
1076 3547 1095 3600 l.
1119 3564 1147 3616 p.
1173 3552 1217 3615 11,

145 3619 244 3687 mines,
262 3635 329 3673 vere
347 3618 425 3671 illius
443 3618 604 3684 historicae,
625 3620 655 3672 et
706 3619 821 3687 poetam
854 3636 935 3673 usum
969 3633 1029 3672 esse
1063 3617 1216 3687 allegorico

145 3689 271 3744 homines
279 3688 452 3758 insequentis
460 3689 561 3744 aetatis
568 3690 653 3757 longe
707 3691 882 3744 vetustarum
896 3689 1056 3743 fabularum
1069 3688 1162 3756 modo,
1183 3689 1216 3742 ut

145 3759 299 3828 inferiores,
319 3776 433 3814 eausam
449 3759 534 3814 fuisse
549 3759 653 3828 prima·
707 3760 887 3815 metallorum
906 3760 1033 3815 ordinem
1051 3774 1101 3828 pro
1119 3774 1216 3814 numo-

145 3831 230 3900 riam,
263 3848 312 3885 cur
344 3829 435 3884 simile
463 3830 653 3886 antecedentis
706 3830 745 3885 ris
763 3830 887 3885 usitatis:
909 3831 984 3901 „das
1004 3833 1090 3897 crete,
1109 3829 1216 3900 aweite,

145 3901 281 3972 temporis
308 3900 456 3955 discrimen
482 3904 582 3971 poetae
607 3917 654 3955 ex·
708 3901 793 3955 dritta
813 3900 999 3956 (λοεσλιλεολετἰ
1018 3900 1187 3956 adhibuerit.

147 3973 305 4044 cogitarent
347 3970 456 4041 sibique
502 3973 652 4042 fingerent3
742 3971 777 4025 V.
797 3977 857 4026 119.
895 3971 988 4040 „Cum
1014 3972 1110 4026 multis
1132 3971 1214 4027 bonis

146 4043 382 4112 quemadmodum
418 4043 504 4097 etiam
533 4041 653 4112 patriar·
707 4043 790 4097 rebus
841 4042 1002 4112 transigunt
1050 4043 1214 4112 tranquilli“

146 4116 261 4170 charum
280 4115 309 4168 et
326 4131 426 4184 regum
444 4115 561 4181 aetates,
580 4130 652 4181 quae
706 4113 823 4168 Lehrs.
842 4113 861 4166 l.
877 4113 897 4165 l.
916 4131 943 4183 p.
963 4120 1023 4169 233.

145 4203 209 4242 vere
229 4202 258 4241 sc
278 4187 447 4254 exceperunt
466 4185 542 4254 apud
560 4183 651 4238 homi·
742 4184 776 4238 V.
797 4189 856 4238 120.
896 4178 1039 4252 ἄφνειολ
1058 4181 1213 4253 μήλοισι]

145 4253 653 4396 sastqtt⁰zstttuttstl
706 4253 993 4394 tatutis..
1009 4254 1213 4394 ittet

641 4357 652 4366 “
1205 4365 1212 4391 ι

947 4412 1002 4465 13*
