2892 4902
1178 301 1244 349 nm

167 436 205 514 ll.
224 453 279 528 IV,
295 455 325 512 3.
357 452 532 530 antaar,
556 451 663 512 Zenod.
686 471 715 527 p.
737 455 787 526 18,
819 450 939 510 Flach
958 448 1097 510 Scholion
1110 469 1139 524 p.
1156 441 1245 528 111).

169 541 207 602 V.
235 541 408 619 Apollou.
442 541 532 618 Dysc.
561 541 597 600 de
624 559 708 616 pron.
740 559 770 618 p.
810 541 882 599 140.
909 538 944 598 Β.
972 537 1082 598 Belrln:
1114 534 1148 598 δν
1180 541 1245 608 ταῖς

170 629 381 708 Ζηνοδοτείοις
408 622 586 708 διερθοόσεσι
613 628 681 707 δίχα
706 631 759 690 τού
788 631 806 685 ν
836 621 912 700 Ζεύς
939 623 972 687 δὲ
998 619 1073 705 πρὸς
1099 618 1137 687 δν
1163 622 1245 705 λόγος

171 713 326 800 ἐγράφετο.
362 719 463 778 Etiam
486 719 518 776 iu
537 719 662 778 Homeri
679 719 852 778 recensione
875 735 960 776 suam
979 716 1123 776 Boeotiae
1145 715 1245 792 cogni-

170 809 287 868 tionem
317 806 547 881 demonstravit,
580 825 751 883 quanquam
784 810 815 866 ct
847 805 895 864 hic
927 806 1146 864 obtrectatores
1174 822 1245 864 euos

170 897 279 957 nactus
303 900 359 956 est.
395 895 432 956 V.
450 895 620 955 Strobon.
638 896 689 971 IX,
708 916 736 971 p.
751 897 830 955 413:
860 887 1032 972 Ζηνόδοτος
1053 889 1087 952 δὲ
1104 885 1245 973 γράφων·

80 1009 85 1020 ·
172 987 203 1046 οἳ
229 980 263 1044 δὲ
292 977 522 1062 πολυστάφυλον
540 979 672 1062 ’Ἀσκρην
704 981 782 1063 ἕχον,
810 976 865 1044 ούιι
897 981 992 1044 ἔοικεν
1024 979 1155 1060 ἐντυχεῖν
1185 985 1247 1052 τοῖς

171 1067 232 1134 inci
246 1066 391 1134 Ἡσιόδου
409 1069 477 1152 περὶ
493 1075 546 1151 τῆς
563 1072 703 1152 πατρίδος
721 1076 850 1151 λεχθεῖσι
871 1069 922 1131 ναὶ
943 1075 1005 1144 τοῖς
1026 1063 1078 1131 ὑπ’
1105 1063 1246 1142 Εὐδόξου

171 1155 250 1224 πολύ
277 1161 363 1242 χείρω
391 1159 525 1242 λέγοντος
551 1158 619 1240 περὶ
646 1164 699 1238 τῆς
719 1156 861 1241 Ἄσκρης,
888 1161 968 1220 unde
995 1180 1051 1221 sua
1073 1159 1247 1220 convenerit

171 1251 353 1311 Eustathius
368 1251 406 1310 ad
419 1251 455 1310 ll.
474 1271 503 1327 p.
519 1253 583 1310 270
598 1251 643 1310 ed
661 1251 696 1310 It.
733 1250 918 1310 Zenodotum
935 1250 1030 1326 igitur
1051 1269 1113 1310 non
1133 1248 1246 1325 legisse

171 1339 352 1413 Hesiodum,
368 1358 457 1416 quem
471 1339 586 1400 edidit?
614 1338 734 1400 Scilicet
746 1339 808 1399 istc
820 1339 905 1415 regio
918 1357 1016 1414 neque
1029 1355 1108 1397 nnnc
1121 1354 1246 1413 prorsus

173 1447 283 1490 averse
305 1429 375 1488 rino
399 1431 454 1488 est

265 1516 410 1577 Zenodoti
432 1517 576 1576 lectiones
600 1519 631 1576 et
653 1516 918 1593 interpretationes
941 1533 996 1590 per
1017 1513 1140 1591 Didymi
1159 1511 1247 1574 Chal-

173 1606 290 1666 centeri
321 1605 551 1665 commentarios
585 1604 623 1665 ad
653 1623 708 1664 nos
740 1605 859 1666 venisse
891 1603 994 1664 docuit
1025 1603 1143 1662 Flach.
1175 1603 1195 1662 L
1226 1602 1245 1661 l.

172 1716 202 1771 p.
228 1697 291 1754 112
304 1713 366 1770 seq.

263 1782 304 1842 II.
334 1781 477 1858 Sequitur
490 1782 757 1858 Aristophanes
776 1782 977 1860 Byzantius
997 1781 1108 1841 citatus
1123 1797 1145 1839 a
1163 1779 1245 1840 echo-

172 1872 273 1931 liestis
297 1871 336 1930 ad
358 1871 564 1948 Theogoniam
586 1890 614 1931 v.
639 1873 695 1931 68:
718 1864 920 1949 ἐπεσημήνατο
942 1863 1024 1930 ταῦτ’
1054 1862 1246 1948 δἈριστο-

173 1953 307 2038 φάνης·
327 1962 385 2019 νῦν
406 1957 474 2038 περὶ
496 1962 548 2038 τῆς
571 1952 684 2020 άνόδου
712 1957 805 2037 φησὶν
827 1953 926 2019 circio
949 1958 991 2031 είς
1012 1952 1065 2019 τὸν
1084 1952 1247 2035 Ὄλυμπον.

172 2043 319 2128 πρότερον
337 2041 394 2128 γάρ
411 2037 451 2126 ἦν
469 2042 555 2129 λόγος
577 2041 658 2130 αύτῷ
679 2045 746 2126 περὶ
768 2051 819 2126 τῆς
843 2046 876 2108 ἐν
897 2039 979 2130 τόπῳ
1002 2041 1101 2107 αύτῶν
1122 2044 1246 2124 χορείας.

173 2138 270 2216 Haec,
289 2156 358 2196 cum
371 2137 582 2214 Aristophanis
602 2137 884 2197 commentariorum
902 2137 1020 2196 nullum
1039 2137 1137 2195 exstet
1154 2135 1247 2195 resti·

173 2229 270 2304 gium,
295 2245 332 2285 ex
355 2226 486 2286 editione
508 2227 612 2286 critica
633 2226 745 2285 hausta
767 2226 907 2287 videntur
931 2241 1004 2286 cose.
1042 2217 1092 2305 (V.
1110 2222 1246 2283 Nauck.

131 2367 132 2372 ,
173 2315 330 2390 Aristoph.
352 2315 460 2391 fragm.
483 2334 513 2391 p.
537 2317 587 2374 21.
625 2313 782 2374 Schoem.
805 2333 853 2390 op.
875 2313 961 2390 lI.p.
982 2305 1072 2393 535.)
1108 2313 1246 2371 Eundem

173 2404 410 2480 Aristophanem
437 2403 562 2462 Scotum
584 2403 724 2462 Herculis
747 2403 879 2462 Hesiodo
902 2402 1121 2461 abiudicavisee
1154 2417 1246 2475 supro

175 2493 315 2552 diximus.
362 2489 523 2552 Praetereo.
550 2491 659 2552 dubius
691 2493 774 2552 locus
803 2494 849 2550 set
880 2490 913 2548 in
940 2489 1038 2549 Schol.
1066 2490 1105 2547 ed
1132 2489 1245 2564 Theog.

177 2583 255 2641 126:
289 2580 423 2659 Δίδυμος
450 2576 483 2640 δὲ
510 2575 542 2641 τὸ
569 2573 648 2642 ίσον
681 2577 787 2662 ἑαυτῇ
813 2572 887 2638 cord
913 2571 966 2638 τόν
997 2580 1050 2656 τῆς
1081 2567 1247 2658 γεννήσεως

127 2743 130 2747 ¹
175 2664 274 2750 λόγον,
298 2664 394 2748 ἤγουν
420 2663 464 2730 ὅτι
485 2666 537 2728 καὶ
564 2663 653 2741 αύτδς
676 2664 771 2747 ὥςπερ
794 2661 868 2745 atis}
892 2661 1049 2748 ἐγεννήθη.
1089 2662 1151 2725 Καί
1169 2659 1247 2742 Ἀρι-

175 2752 336 2836 στοφάνης.
374 2752 564 2836 Ἀμφιτρύων
591 2751 795 2838 γενναιότερον
822 2749 913 2817 αὑτοῦ
940 2755 1035 2816 παῖδα
1060 2756 1159 2838 γεννᾷ.
1200 2747 1247 2814 ὅτε

125 2899 131 2907 .
175 2841 335 2925 ἐπηυξήθη
355 2839 484 2926 οὐρανός
501 2840 655 2926 ἀστερόεις.
687 2848 733 2906 Hx
750 2846 806 2906 hoc
824 2847 902 2920 loco,
922 2846 974 2922 qui
991 2846 1035 2904 ita
1052 2841 1247 2919 corrigendus

175 2954 242 2996 esee
274 2935 395 2995 videtur
427 2935 590 2994 secundnm
622 2936 756 2996 codicum
787 2935 930 3011 vestigia:
968 2925 1182 3012 Ἀριστοφάνης
1212 2924 1246 2990 τὸ

175 3021 312 3084 ἐναντίον
335 3020 411 3103 λέγει
433 3016 562 3105 (άϊσον),
586 3017 626 3096 ὥς
648 3021 699 3083 ταί
718 3017 908 3102 Ἀμφιτρύων
930 3016 1135 3104 γενναιότερον
1153 3013 1247 3079 cited

176 3112 270 3172 naida
293 3114 398 3195 γεννᾷ,
421 3105 465 3172 ότι
488 3107 647 3191 ἕπηυξήθη
664 3105 795 3192 οὐρανὸς
817 3106 977 3192 άστερόεις,
1000 3113 1074 3172 haec
1097 3108 1248 3171 sententia

176 3202 309 3262 elicitur:
334 3201 584 3278 quemadmodum
601 3203 697 3278 igitur
713 3202 868 3262 fortiorem
887 3205 918 3260 et
936 3202 1128 3278 grandiorem
1150 3199 1247 3259 tilium

176 3277 340 3350 Herculem
363 3290 543 3366 Amphitruo
566 3291 742 3366 progenuit,
762 3291 807 3350 ito
830 3291 926 3350 Terra
949 3281 1121 3370 eoelumlss)

266 3378 322 3437 III.
363 3378 581 3454 Apollonius
605 3379 767 3438 lthodiua
791 3383 1042 3438 commemoratur
1064 3379 1102 3437 ab
1124 3381 1247 3437 auctore

177 3468 361 3544 Argumenti
374 3467 429 3527 III.
444 3467 540 3526 Sonti:
556 3459 792 3538 Ἀπολλύνιος
811 3460 869 3528 dli
883 3458 998 3539 ‘Priding
1016 3464 1049 3526 ἓν
1065 3468 1106 3550 τῷ
1125 3459 1151 3545 γ’
1169 3457 1202 3546 (i.
1222 3483 1247 3524 c.

176 3557 208 3614 in
233 3555 328 3616 'tertio
352 3555 634 3616 commentariorum
656 3556 821 3616 volumino:
853 3577 881 3616 v.
909 3556 1028 3616 Flech.
1056 3556 1076 3614 l.
1099 3556 1120 3613 l.
1142 3574 1171 3630 p.
1197 3556 1248 3613 97.

248 3779 295 3847 28)
315 3779 441 3848 Δίδυμος
460 3775 492 3832 δὲ
512 3773 543 3832 τό
563 3773 624 3834 ἴσον
644 3774 732 3849 ἑαυτῇ
753 3773 826 3832 cord
845 3773 895 3832 τὸν
914 3777 965 3846 τῆς
983 3771 1142 3846 γεννήσεως
1161 3771 1247 3844 λόγον

179 3845 282 3936 [ἤγουν
306 3842 351 3904 ὅτι
375 3847 423 3904 καί
448 3843 536 3909 αότός
560 3841 654 3919 όόσντερ
678 3844 751 3918 αότὴ
776 3844 944 3918 ἐγεννήθη]
981 3843 1018 3909 ὥς
1041 3842 1097 3934 γάρ
1119 3843 1179 3910 ἶσος
1196 3842 1249 3916 τὴν

178 3939 267 3986 φυσιν
284 3915 457 4006 Ἀμφιτρύων
476 3917 677 4006 γενναιότερον
689 3914 781 3975 uiroc
801 3921 891 3973 παῖδα
906 3919 1004 3993 γεννᾷ,
1023 3937 1112 3980 ουτως
1127 3913 1248 3986 ίπηυξή-

177 3995 219 4060 θη
238 3985 364 4060 ούρανος
383 3985 529 4060 άστεροεις
548 4007 616 4046 corr.
636 3991 763 4046 Nauck.
782 3990 866 4046 Arist
885 4008 912 4060 p.
933 3995 976 4059 60,
995 3989 1040 4044 cui
1058 4005 1186 4044 assensus
1206 3991 1250 4043 est

179 4061 340 4116 Schmidt.
366 4061 428 4116 Did.
453 4080 481 4131 p.
507 4067 568 4118 300.
605 4057 695 4126 οὕτως
718 4061 768 4118 καί
787 4056 986 4131 Ἀριστοφάνης
1011 4059 1097 4130 φησίν
1117 4055 1248 4115 Ἡσίοδον

179 4129 212 4187 ίν
228 4134 268 4206 τῷ
284 4127 309 4201 β’
320 4129 472 4204 τιαταίόγφ
487 4131 588 4202 λέγειν.
622 4129 796 4204 Ἀμφιτρύων
814 4127 839 4187 d'
859 4127 949 4187 αὐτοῦ
969 4126 1169 4202 γενναιότερόν
1198 4147 1248 4183 πο-

179 4207 219 4274 τε)
237 4205 331 4273 παῖδα
345 4203 432 4278 γεννᾷ
451 4205 555 4258 maluit
572 4204 720 4260 Schcem.
739 4220 784 4273 op.
804 4203 838 4257 ΙΙ.
857 4221 885 4272 p.
906 4208 967 4258 537.
1005 4203 1037 4258 V.
1057 4201 1170 4257 Flaoh.
1202 4243 1208 4257 .
1228 4200 1247 4256 l.
