2958 4896
629 278 824 333 enoroml.
1219 277 1260 342 87

192 439 306 502 κίοσιν
329 431 524 521 ἀργυρέοισι
547 432 630 520 ατρὸς
652 409 1022 522 οὐρανὸνιέστήρικται.

197 543 320 627 [ιιαόρα
344 538 382 607 δὲ
405 538 603 626 Θαύμαντος
624 538 778 627 θυγάτηρ
801 539 908 620 ιιόδας
931 539 1017 609 ἀαέα
1035 531 1117 629 Ἰρις
1208 557 1259 608 780

193 645 353 734 ἀγγελίην
376 654 534 715 τιαλεῖται
556 644 602 715 ἐντ’
628 645 727 734 εὐρέα
748 651 839 716 νῶτα
860 646 1045 732 θαλάσσης,

192 751 307 822 ὁππότ’
334 758 403 842 ἔρις
425 754 479 822 καὶ
502 767 612 834 νείκος
634 756 672 822 ἐν
693 752 918 822 ἀθανάτοισιν
942 751 1083 842 όρηται,]
1177 792 1182 805 ·

192 867 252 928 καί
271 858 299 949 ῥ’
324 858 379 929 ὅτε
401 888 452 940 τις
474 859 637 946 ψεύδηται
656 858 817 948 Ὀλύμπια
840 857 958 947 δώματ’
984 858 1146 947 ἐχόντων,

195 964 279 1046 Ζεὺς
302 967 342 1034 δέ
362 993 397 1056 τε
413 957 499 1054 Ἰριν
523 972 646 1055 έπεμψε
668 970 761 1035 θεῶν
784 967 889 1053 μέγαν
913 963 1017 1056 όριιον
1039 968 1163 1034 ἐνείκαι

193 1071 339 1161 τηλόθεν
362 1075 400 1141 ἐν
423 1074 547 1162 χρυσέη
570 1071 715 1163 προχόῳ,
738 1071 964 1160 πολυώνυμον
987 1069 1092 1158 ὕδωρ,
1205 1088 1257 1140 785

191 1177 335 1267 ψυχρόν,
360 1177 381 1247 ό
403 1176 428 1246 τ’
454 1180 490 1246 ἐκ
512 1179 633 1266 πέτρης
654 1184 880 1265 καταλείβεται
903 1175 1088 1264 ἠλιβάτοιο,

263 1393 296 1448 V.
317 1397 376 1446 779.
414 1386 577 1460 ἀργαλέοισι
595 1393 653 1448 Vl.

262 1464 296 1519 V.
317 1467 465 1518 780-783.
507 1463 565 1518 Ηοε
592 1480 700 1530 versus,
727 1466 761 1518 ut
787 1463 975 1534 ineptissimos
1002 1462 1074 1517 nihil
1105 1464 1138 1517 ut
1164 1478 1257 1532 snpra,

190 1537 335 1605 suspectos
352 1535 475 1604 primum
494 1535 530 1589 ab
548 1535 680 1605 Heynio
693 1534 794 1602 iactos,
813 1535 912 1591 Wolf.
932 1537 962 1589 et
979 1533 1079 1588 Weie.
1099 1549 1195 1588 omnes
1213 1550 1257 1588 se-

192 1607 342 1671 cluserunt,
362 1605 470 1660 Gaisf.
491 1608 520 1660 et
537 1606 634 1660 Dind.
653 1609 765 1662 tantum
783 1626 810 1661 v.
829 1611 983 1671 780-787,
1002 1605 1137 1674 quoniam
1154 1623 1180 1660 v¹
1203 1609 1254 1658 780

190 1677 266 1732 idem
284 1676 387 1732 dieitur
406 1676 482 1746 quod
499 1695 525 1732 y.
545 1683 606 1744 784,
625 1697 651 1732 v.
672 1682 723 1732 787
741 1677 817 1732 idem
835 1677 917 1746 quod.
937 1695 963 1732 v.
982 1682 1042 1731 783.

263 1747 298 1803 V.
319 1753 378 1803 781.
415 1743 593 1836 ἀγγελίην]
619 1747 665 1804 Sio
687 1748 748 1803 eod.
770 1750 869 1806 Emm.
894 1747 1058 1815 Schoem.,
1081 1747 1116 1801 de
1140 1763 1195 1830 quo
1220 1745 1255 1802 ef.

190 1818 270 1873 iliad.
289 1818 337 1886 XI,
356 1823 417 1875 140.
453 1821 584 1889 ἀγγελίης
601 1821 634 1876 Α.
654 1836 717 1876 oum
735 1820 878 1875 nonnullis
896 1819 990 1885 codd..
1014 1817 1090 1887 quod
1108 1819 1257 1887 sumpserat

189 1889 318 1945 Goettl.
337 1884 453 1958 ἀγγελίη
472 1889 531 1946 Μ3.
550 1890 607 1945 Vl.
627 1897 651 1946 λ.
671 1891 754 1947 Taur.
773 1909 837 1946 oum
855 1891 1063 1945 Buttmanno
1081 1888 1219 1944 Koeohl.

261 1962 295 2015 V.
315 1965 376 2015 783.
413 1962 466 2015 καί
486 1958 514 2032 ῤ’
544 1955 620 2024 ὅστις
648 1959 792 2032 ψεύδηται
818 1962 955 2032 praebent
983 1960 1121 2016 editiones
1145 1959 1255 2015 vitiose.

192 2031 358 2101 corruptela
376 2033 450 2086 enim
469 2032 500 2086 in
517 2033 561 2087 his
575 2033 702 2089 versibus
720 2035 800 2101 latet,
818 2034 864 2088 eui
881 2033 1037 2088 remedium
1054 2047 1155 2102 parare
1174 2048 1256 2087 oona

188 2105 234 2156 tus
248 2105 292 2158 est
305 2102 527 2171 esthamma
542 2105 590 2173 qui
604 2107 665 2159 καί
677 2098 753 2175 een
768 2125 819 2167 τις
832 2103 960 2171 correxit,
974 2104 1106 2158 laudatus
1120 2103 1198 2170 orl„
1208 2102 1256 2171 qui

189 2175 242 2229 hae
261 2174 411 2244 scriptione
429 2178 543 2244 recepta
564 2176 595 2230 in
613 2179 747 2246 sequente
770 2193 853 2231 versu
872 2173 943 2238 Ζεός
960 2171 1023 2230 τότε
1039 2166 1106 2242 Ἰριν
1125 2173 1255 2229 emenda·

189 2245 243 2313 vit,
271 2245 334 2300 ooll.
359 2246 465 2316 Theog.
489 2252 531 2303 87.
569 2246 639 2317 Opp.
660 2253 720 2302 511.
740 2254 799 2303 671.
837 2246 930 2302 Aliam
953 2246 1029 2301 viam
1052 2245 1194 2316 ingressus
1214 2246 1256 2299 est

189 2316 340 2371 Schoem.
351 2334 377 2386 p.
390 2322 443 2371 238
453 2321 519 2383 not..
538 2318 588 2387 qui
601 2313 673 2380 Ζεός
687 2312 771 2387 ιίάρα
784 2335 836 2388 pro
851 2314 922 2379 Ζεός
936 2316 967 2372 δέ
983 2336 1012 2371 τε
1026 2317 1174 2386 proposuit
1192 2315 1254 2371 ooll.

190 2387 269 2444 Iliad.
289 2387 337 2456 IX,
357 2393 409 2442 510
428 2405 484 2458 seq.
514 2383 578 2444 Ὅτε
598 2408 640 2452 τις
658 2388 728 2444 oeni.
748 2389 836 2444 etiam
855 2388 980 2444 Sehesr
997 2388 1017 2442 l.
1035 2388 1054 2443 1.

259 2459 294 2514 V.
313 2464 373 2514 784.
412 2453 503 2515 ἀνεῖλε
522 2460 582 2529 (sie)
601 2459 657 2516 Vl.
676 2461 739 2514 Par.

259 2529 294 2585 V.
314 2535 374 2587 785.
411 2527 651 2603 τιολνοόννμον]
670 2531 731 2586 Em.
750 2532 810 2586 Me.
829 2525 1048 2602 πολυόμβριμον.

223 2723 257 2779 V.
291 2730 455 2781 780-783.
500 2725 589 2782 Poeta
616 2726 693 2781 dixe-
747 2727 847 2796 Itaque
869 2725 1010 2781 Diaoonus
1032 2723 1126 2794 Alleg.
1148 2742 1176 2794 p.
1200 2728 1253 2778 594

188 2797 233 2850 rst
247 2814 272 2849 v.
289 2802 349 2850 777.
368 2797 466 2866 prooul
484 2814 502 2852 a
519 2797 573 2852 diis
592 2797 693 2853 ceteris
748 2824 783 2844 --
802 2803 854 2852 350
877 2798 907 2852 F.
927 2797 1096 2866 scripturam
1115 2795 1254 2866 grammis·

188 2866 448 2923 domitiliahebere
463 2867 579 2938 Stygem
597 2864 694 2938 (νόσφι
746 2870 867 2924 tieorum
888 2868 1018 2923 retinuit:
1046 2866 1095 2921 καλ
1113 2867 1254 2936 πέμπεται
1332 2897 1340 2917 x

186 2936 268 2992 θεάν
306 2933 393 2992 ιιλντά
434 2935 552 3009 ἀόρατα
593 2941 693 3010 ναίει);
746 2936 824 3009 τιαρά
843 2939 893 2994 τοῦ
908 2933 1116 3007 Διόςάγγελος.
1153 2936 1254 2992 Melius

187 3026 262 3063 nuno
271 3006 384 3064 additur
392 3026 454 3065 raro
465 3010 694 3078 elismoooiders‚
748 3011 798 3066 alii
824 3031 852 3064 τι
879 3010 925 3064 vel
953 3008 1038 3064 ἕνεκα
1066 3008 1253 3078 supplendum

186 3081 220 3134 ut
238 3079 289 3134 Iris
312 3095 345 3135 eo
368 3081 527 3150 perveniat,
555 3082 605 3136 ubi
625 3082 694 3152 Styx
747 3085 798 3137 aut
824 3076 956 3150 ἀγγελίην
989 3079 1165 3135 scribendum
1193 3095 1253 3134 esse

187 3150 310 3218 habitet,
336 3153 421 3221 atque
443 3151 474 3207 id
496 3155 558 3208 tum
582 3155 693 3208 tantum
748 3157 921 3208 censuerunt.
959 3150 1253 3221 Goettlingius

186 3221 328 3288 accidere,
346 3239 410 3278 oum
428 3223 621 3278 iusiurandum
639 3223 693 3279 diis
747 3225 906 3278 πωλεῖσθαι
930 3217 1076 3293 ἀγγελίης,
1108 3225 1140 3278 ut
1166 3218 1253 3291 πρήσ-

188 3292 225 3346 it
237 3293 444 3362 praestandum.
472 3295 534 3349 Ηοο
548 3297 590 3349 est
607 3295 692 3350 illud:
747 3313 807 3350 σειν
826 3290 910 3361 ὁδοῦ,
932 3297 1001 3350 θεῖν
1025 3295 1127 3349 πεδίον
1146 3293 1253 3349 dietum

187 3358 288 3447 όηιτόέ
310 3361 367 3433 ἔρις
385 3366 547 3427 salvatores·
566 3361 598 3419 έν
616 3361 693 3420 ἀθα·
747 3366 937 3422 contenderat.
985 3364 1040 3420 Sed
1068 3365 1102 3420 ef.
1131 3364 1250 3420 Muetn.

187 3451 314 3488 ναιοισιν
337 3431 452 3504 όρηταιε
475 3453 542 3491 nam
560 3435 602 3491 ita
619 3437 693 3492 iure-
745 3456 772 3507 p.
793 3443 854 3492 736.

187 3504 304 3561 iurando
328 3523 399 3576 opus
422 3509 473 3562 est.
511 3506 592 3572 Quod
615 3507 693 3563 eddi·
781 3509 814 3564 V.
831 3513 891 3562 784.
925 3504 1033 3577 μέγαν
1046 3500 1150 3575 όριιον
1169 3501 1253 3560 ένεῑ·

128 3603 132 3610 ·
187 3577 233 3630 tur
260 3571 303 3630 ἐπ’
333 3572 419 3646 eripior
446 3578 521 3633 νάτα
548 3574 696 3647 θαλάσσης
748 3580 818 3651 aar]
839 3578 908 3648 Styx
920 3578 983 3661 ipsa
998 3578 1041 3632 est
1055 3575 1142 3647 μέγας
1161 3570 1252 3645 ὅρκος,
1347 3603 1351 3612 ·

187 3663 300 3702 eausam
317 3648 405 3704 habet
421 3649 452 3704 in
474 3650 588 3720 regione
607 3652 694 3719 atque
769 3668 799 3705 er
812 3666 897 3719 quem
909 3648 1065 3703 drisurant.
1103 3646 1143 3703 ef.
1154 3665 1180 3702 v.
1191 3651 1252 3702 400.

185 3717 242 3772 situ
261 3716 333 3773 Oroi.
747 3669 779 3777 ii.
808 3721 849 3789 H,
879 3725 938 3775 755.
985 3717 1120 3773 Similiter
1145 3718 1252 3775 Nonn.

221 3789 255 3845 V.
276 3794 336 3845 781.
373 3785 550 3863 ἀγγελίην]
570 3792 693 3848 Arister-
746 3793 828 3848 Dion.
848 3791 932 3856 XLII,
952 3795 1013 3845 527.
1049 3789 1122 3844 Hine
1140 3807 1158 3845 a
1175 3789 1253 3845 Leti·

187 3859 255 3916 ehus
283 3861 342 3916 siue
365 3862 451 3917 dubio
474 3858 605 3932 ἀγγελίης
627 3862 692 3919 sori-
746 3863 790 3918 nis
805 3862 892 3917 Orous
906 3861 1016 3917 dieitur.
1054 3858 1094 3916 ef.
1113 3861 1198 3918 Plin.
1216 3861 1252 3918 H.

186 3931 252 4002 psit,
262 3931 339 4000 quod
351 3933 380 3988 ei
392 3933 469 3988 idem
482 3935 692 4004 signifiosvisss‚
745 3934 780 3990 N.
803 3934 858 4001 IV,
881 3939 910 3990 8:
944 3933 1076 4000 „Peneus
1095 3963 1129 3974 -
1148 3933 1252 4003 aoeipit

186 4002 262 4072 quod
280 3998 407 4072 ἄγγελος,
426 4020 460 4059 ex
474 4005 690 4062 animadversio·
746 4022 857 4060 amnem
877 4006 982 4072 Oroon,
999 4021 1052 4060 neo
1069 4004 1183 4074 recipit,
1202 4004 1252 4060 sed

187 4073 267 4128 nibus
286 4074 408 4131 Ariston.
427 4076 464 4130 ad
482 4077 514 4132 Il.
532 4077 572 4131 111
591 4083 643 4133 206
662 4077 691 4132 et
745 4076 801 4131 olei
831 4076 915 4132 modo
948 4077 1176 4145 supernatentem
1208 4077 1252 4144 (ut

186 4144 259 4210 XIII,
273 4150 326 4200 756
340 4147 429 4215 patet.
457 4145 498 4202 ef.
514 4147 690 4215 LaRonte,
743 4146 851 4203 dietum
873 4150 918 4203 est
934 4147 1066 4215 Homero)
1090 4146 1251 4216 brevi‘spa·

185 4214 267 4272 Hom.
299 4216 460 4272 Textkritik
490 4235 518 4288 p.
553 4223 611 4274 175.
656 4219 690 4274 A.
744 4219 784 4273 tio
807 4220 951 4288 portatum
969 4217 1095 4284 abdicet,
1118 4218 1250 4287 poenales

186 4285 311 4341 Nauok.
332 4287 472 4356 Odysseae
490 4288 578 4359 praef.
597 4307 624 4358 p.
642 4289 689 4346 IX.
745 4306 834 4360 aquas
848 4289 972 4358 dirisque
986 4289 1096 4358 genitas
1110 4286 1250 4358 argenteis
