2948 4896
628 287 825 341 ΘΕΟΓΟΝΙΑ.
1213 287 1254 352 37

189 439 341 527 Γοργοῦς
363 439 414 526 θ’,
437 446 476 508 αἳ
495 445 630 509 ναίουσι
652 443 758 528 πέρην
780 445 905 510 κλυτοῦ
926 439 1113 526 Ὠκεανοῖο,

189 548 322 634 ἐσχατιῇ
345 542 430 633 πρὸς
452 545 589 632 νυκτός,
611 544 658 614 ἵν’
678 544 870 633 Ἑσπερίδες
892 547 1095 636 λιγύφωνοι,
1203 566 1255 616 275

188 651 328 720 Σθεινεά
351 651 380 720 τ’
405 650 566 740 Εὐρυάλη
589 679 625 721 ιε
648 652 813 722 Μέδουσά
836 679 870 721 τε
893 649 1001 741 λυγρά
1023 656 1193 739 παθοῦσα,

188 756 209 846 ή
233 759 294 848 μέν
319 763 378 846 έην
401 758 528 847 θνητή,
552 763 590 828 αἱ
610 756 641 826 d’
667 757 835 828 ἀθάνατοι
857 761 913 826 καὶ
936 757 1069 851 ἀγήρῳ,

188 868 225 932 αἱ
246 864 326 933 δύο·
349 867 398 952 τή
414 864 451 932 δέ
474 869 533 954 μιῇ
556 867 755 952 παρελέξατο
780 871 1015 952 Κυανοχαίτης

190 971 226 1037 έν
249 972 385 1061 μαλακῷ
409 969 627 1056 λειμῦνικαὶ
649 969 793 1038 ἄνθεσιν
816 974 1002 1066 εήαρινοῐσι.

187 1079 246 1162 τής
269 1074 302 1142 d'
329 1074 383 1142 ὅτε
407 1073 449 1161 δή
473 1073 625 1162 Περσεὺς
646 1072 797 1161 κεφαλήν
820 1072 1139 1165 ἀπεδειροτόμησεν,
1204 1097 1256 1147 280

190 1187 310 1268 ἔκθορε
334 1179 502 1270 Χρυσάωρ
525 1208 560 1249 τε
583 1185 685 1269 μέγας
706 1181 761 1249 καὶ
785 1179 945 1266 Πήγασος
967 1185 1075 1264 ἵππος.

190 1395 261 1480 169),
294 1393 336 1447 De
350 1393 429 1461 Enyo
448 1393 482 1448 ci.
498 1393 653 1450 Aristarchi
667 1394 891 1450 observationem
911 1396 1091 1451 ascholiasta
1108 1397 1257 1452 traditam:

188 1458 232 1520 ὅτι
254 1467 366 1533 Ομηρος
382 1459 471 1518 Ἐνυῦ
486 1463 639 1535 πολεμικόν
652 1485 716 1519 τινα
730 1459 803 1519 θεὸν
818 1463 902 1534 λέγει,
918 1461 1046 1528 Ἡσίοδος
1065 1466 1097 1521 δέ
1112 1468 1180 1536 μίαν
1199 1468 1256 1522 cciv

191 1537 344 1604 Φορκίδων.
366 1565 398 1574 -—
418 1529 553 1590 ἰόπεπλον
571 1553 622 1606 pro
642 1531 783 1591 εῦπεπλον
803 1537 874 1592 coni.
894 1535 1069 1594 Wieseler.

258 1605 292 1660 V.
312 1612 372 1659 276.
409 1605 530 1661 Σθεννώ
546 1607 607 1661 Μ3.

259 1676 293 1730 V.
313 1683 373 1731 277.
420 1677 467 1730 cal
490 1672 519 1732 δ’
545 1694 598 1748 pro
622 1675 656 1731 ci
676 1679 706 1732 d‘
730 1677 949 1732 Hermannus.
973 1709 1008 1718 —
1035 1674 1169 1750 ἀγήρω]
1197 1679 1255 1735 V2.

188 1747 248 1802 Mt.
263 1754 288 1801 3.
317 1745 381 1800 Bar.
399 1741 519 1836 ἀγήρως.
1134 1734 1140 1752 ’
1170 1791 1174 1800 .

260 1816 293 1872 V.
313 1823 375 1873 279.
412 1821 538 1874 ανθεσι
556 1818 772 1888 ,Γειαρκνοῑσι
791 1819 833 1872 Fl.

259 1888 292 1944 V.
312 1894 373 1943 281.
411 1883 538 1957 έκθορε
562 1885 744 1962 Χρυσάωρ]
773 1888 883 1944 Guiet.
908 1890 1027 1946 coniecit
1051 1889 1154 1961 ἔκθορε
1180 1892 1257 1960 quod
1290 1907 1293 1912 ’

187 1976 258 2013 unus
282 1959 370 2014 codex
393 1959 464 2027 (Par.
484 1964 564 2030 2678)
592 1961 743 2016 secundum
766 1959 939 2028 Lennepium
965 1961 1094 2031 praebet3
1125 1963 1257 2032 probavit

187 2029 294 2084 Herm.
314 2029 351 2083 ad
370 2029 455 2098 Orpln
475 2049 502 2100 p.
521 2038 595 2100 429„
619 2049 681 2087 rece
702 2036 783 2086 erunt
802 2031 904 2086 Gaisl'.
926 2031 1020 2088 Dind.
1041 2032 1190 2088 Schoem.
1209 2034 1255 2088 ΕΙ.

190 2100 268 2156 codd.
284 2095 411 2168 ἐξέθορε,
426 2101 508 2156 etsie
523 2102 656 2159 scholion.
711 2119 786 2170 ecep.
801 2103 906 2158 Goettl.
933 2100 1066 2170 Χρῦσαορ
1081 2121 1144 2158 cum
1158 2104 1214 2159 Vl.
1230 2110 1256 2160 2.

189 2170 252 2295 ξαρ
273 2171 354 2259 Taur,
374 2171 457 2226 scribi
474 2176 554 2228 vetat
567 2173 699 2244 analogia
713 2172 835 2228 Graecae
853 2173 976 2243 linguae.
995 2205 1028 2214 -
1049 2175 1102 2229 Pro
1121 2193 1150 2229 τε
1167 2172 1257 2245 μέγας

215 2258 253 2296 a.
272 2263 298 2295 τι
318 2261 409 2311 μενος.

189 2432 323 2489 adiiceret
351 2435 485 2502 Graeam3
516 2455 542 2491 v.
576 2438 694 2492 Aesch.
749 2437 879 2492 stotelem
899 2436 1051 2491 admodum
1072 2438 1256 2494 memorabile

190 2506 694 2576 Pr0m;sss.Ap0110u.11,4.Pa-
748 2511 802 2573 est,
826 2509 857 2560 ut
877 2507 1003 2562 Schoem.
1028 2524 1138 2576 quoque
1163 2525 1208 2578 op.
1229 2510 1256 2563 11

188 2576 300 2646 laeph.
316 2583 359 2632 32.
378 2577 497 2634 Zenob.
516 2577 599 2633 Prov.
614 2579 634 2645 I,
650 2585 693 2632 41.
711 2593 712 2598 ¹
747 2596 774 2648 p.
791 2584 843 2632 544
861 2577 943 2645 vidit,
961 2578 1010 2646 qui
1028 2583 1093 2647 post
1107 2578 1256 2633 κινοῦνται

190 2642 289 2717 Περσεῦ
303 2647 695 2717 habetHeracIitnsapud
748 2647 888 2718 quaedam
911 2650 998 2704 verba
1026 2647 1202 2703 intercidisse
1226 2653 1257 2704 et

188 2717 338 2774 Westerm.
364 2718 454 2788 Myth.
483 2738 511 2789 p.
535 2725 596 2774 315.
638 2720 694 2774 Sed
747 2718 915 2788 Aristoxeni,
926 2719 1027 2773 musici
1037 2722 1066 2774 et
1076 2720 1256 2790 Pythagorae

176 2806 254 2846 ,cum
267 2806 417 2844 consensus
434 2789 559 2845 omnium
578 2791 693 2861 scripto·
748 2791 934 2858 admIratoris,
952 2807 1055 2846 nomen
1068 2807 1132 2846 eum
1145 2790 1253 2846 Aristo·

189 2878 251 2914 rum
270 2861 304 2915 de
323 2861 446 2915 ternario
459 2879 576 2917 numero
591 2863 694 2917 Graea—
747 2862 812 2916 telis
832 2863 1031 2949 permutatpm,
1044 2877 1105 2916 esse
1125 2861 1254 2949 credidit.

189 2935 511 3070 buvnirdlnffitrepxespssug,
526 2932 695 3072 deeqddoullt
749 2931 825 3072 qudd
845 2938 955 3072 dddqui
967 2931 1255 3070 ῦῦάηἱάεῦ](αά4ῦῦῦῗῦῖ

187 3071 266 3127 tertii
283 3072 404 3126 nominis
422 3074 544 3144 vestigia
562 3075 592 3129 in
610 3076 690 3129 scho-
745 3074 835 3159 giam,
862 3076 895 3128 ut
922 3073 1049 3144 videtur,
1080 3073 1211 3128 vocabuli
1239 3069 1254 3128 ὁ

187 3143 233 3196 liis
261 3147 429 3212 appareant,
464 3145 564 3199 melius
592 3148 636 3200 est
662 3145 692 3200 iu
745 3147 830 3214 ηρως)
861 3144 1009 3214 praebent,
1042 3147 1168 3199 exortum
1197 3161 1256 3199 esse

188 3213 296 3268 duabus
315 3213 413 3268 Graeis
432 3211 616 3282 acquiescere.
651 3215 691 3271 of.
746 3216 858 3269 videtur
876 3232 910 3270 ex
932 3232 1014 3269 versu
1031 3215 1195 3270 Homerico:
1220 3213 1254 3270 cd

189 3283 315 3338 Schoem.
333 3303 361 3354 p.
382 3290 440 3339 155.
747 3282 776 3341 d'
792 3281 942 3347 ἀθάνατος
956 3285 1005 3339 καὶ
1018 3280 1139 3355 ἀγήρως,
1155 3285 1206 3340 Od.
1219 3287 1255 3354 V,

223 3355 256 3407 V.
277 3360 337 3412 274.
363 3353 486 3425 πέρην]
510 3356 530 3409 Ι.
546 3372 570 3412 e.
589 3355 693 3424 siquis
749 3361 822 3422 218.,
842 3355 938 3425 quiin
957 3356 1093 3411 memoria
1111 3357 1255 3411 haerebat.

181 3425 356 3480 traiecturus
374 3426 516 3481 Oceanum
534 3429 586 3494 est,
604 3426 634 3482 iu
652 3427 693 3480 ia-
747 3428 820 3482 Nam
840 3427 915 3495 quod
934 3427 988 3488 σῶς
1011 3443 1062 3496 pro
1081 3426 1255 3482 nominativo

189 3496 257 3550 sulis
293 3495 405 3551 Oceani.
434 3505 438 3510 '
464 3496 498 3552 V.
534 3497 692 3552 Volclrer.
746 3499 851 3568 plurali
886 3496 1006 3562 habent,
1048 3513 1105 3551 non
1141 3497 1256 3567 probari

189 3566 289 3638 Geogr.
313 3568 403 3636 myth.
426 3585 453 3636 p.
478 3573 520 3622 20.
566 3567 693 3622 Eandem
747 3568 938 3639 grammaticis
961 3567 1116 3622 rationibus
1140 3570 1255 3622 demon-

188 3636 451 3706 interpretationem
478 3639 623 3708 amplexus
650 3642 694 3693 est
747 3641 835 3694 stravi
857 3639 887 3692 in
911 3638 1199 3693 animadversionibus
1218 3640 1255 3692 ad

187 3709 329 3764 Preller.
363 3709 452 3778 Myth.
486 3709 533 3763 Gr.
562 3710 575 3763 I
607 3728 634 3779 p.
658 3715 691 3764 27
747 3710 884 3764 Theodos.
904 3710 949 3764 Gr.
969 3727 996 3778 p.
1016 3713 1077 3764 228.

187 3782 244 3837 not.
259 3786 284 3848 2,
299 3780 426 3850 allegans
439 3780 522 3838 Hom.
536 3781 567 3834 Π.
582 3780 617 3849 ΙΙ,
632 3786 716 3850 626,
784 3782 816 3836 V.
836 3787 896 3836 280.
933 3779 1071 3842 Fabulam
1092 3779 1255 3850 Argolicam

187 3851 286 3918 XXIII,
307 3855 367 3907 752.
747 3851 782 3906 de
800 3852 902 3906 Perseo
924 3853 952 3906 et
970 3850 1087 3905 Medusa
1109 3851 1255 3921 ingeniose

223 3922 256 3977 V.
276 3927 336 3977 275.
377 3916 576 3990 Ἑσπερίδες
598 3919 692 3990 λιγῦ-
746 3921 1059 3977 tractavitMiillerus
1073 3922 1202 3992 Prolegg.
1218 3923 1254 3976 ad

188 3993 314 4064 φωνοι]
367 3991 472 4046 Schola
515 3989 573 4048 Διά
609 3993 693 4046 τοῦτο
746 3992 836 4061 Mytb.
866 4011 894 4062 p.
920 3999 981 4048 307.
1022 3992 1120 4063 Neque
1145 3992 1256 4048 addidit

187 4059 293 4148 ταύτης
310 4066 399 4129 καλεῖ,
418 4059 490 4117 διότι
504 4059 576 4118 κατὰ
596 4082 693 4133 pocot·
747 4081 824 4118 suam
836 4065 871 4118 de
881 4063 978 4118 Graeis
992 4063 1169 4130 sententiam,
1184 4080 1254 4133 quas

71 4159 78 4163 ·
188 4129 242 4203 κήν
256 4135 396 4204 αρμονέαν
411 4131 441 4187 οἷ
452 4129 567 4200 ἀστέρες
581 4135 694 4188 κινοῦν·
746 4135 921 4188 Hermannus
946 4133 1084 4189 Salaciam
1114 4137 1142 4188 et
1169 4134 1255 4188 Veni-

188 4225 234 4259 ται
257 4205 322 4276 περὶ
345 4201 380 4260 cd
405 4200 545 4274 Γάδειρα,
571 4201 608 4267 ὡς
629 4201 693 4272 Ἀρι-
746 4205 815 4260 llam
828 4205 1038 4274 interpretatur,
1053 4205 1128 4272 quod
1143 4203 1191 4257 vix
1205 4204 1253 4258 ad-

189 4277 318 4345 στοτέλης
333 4277 410 4346 φησί,
438 4276 498 4330 Ηοο
513 4275 615 4330 dixisse
629 4276 693 4329 Ari·
747 4276 824 4330 mitti
841 4277 943 4345 potest.
981 4275 1036 4330 Sed
1050 4292 1113 4329 cum
1132 4273 1253 4329 nominis
