2892 4902
1107 335 1225 383 XXXIII

155 479 333 562 Χαμαιλέων
356 477 388 542 δὲ
412 479 444 542 ἐν
466 486 506 564 τῷ
528 479 594 559 περὶ
613 475 800 562 Στησιχόρου
823 478 873 542 καὶ
896 479 1111 563 μελῳδηθῆναί
1131 498 1226 560 φησιν

154 566 193 634 οὗ
216 565 310 650 μόνον
338 563 374 630 roi
396 563 542 649 Ὁμήρου,
570 564 642 632 ἀλλὰ
669 569 720 631 καὶ
746 564 781 632 τὰ
800 563 944 632 Ἡσιόδου
975 567 1025 629 καὶ
1044 564 1160 650 Ἀρχιλό
1178 593 1224 632 ου.

155 660 342 721 Plutarch.
375 659 477 736 Symp.
508 661 564 737 IX,
599 664 630 720 1:
663 654 720 721 Διὸ
747 662 864 739 πρῶτον
892 655 946 738 μὲν
976 655 1126 720 ἐκέλευσεν
1152 676 1223 744 pour

155 743 207 810 τὸν
231 742 384 827 Ἐράτωνα
410 741 485 827 πρὸς
515 742 571 825 τὴν
598 742 701 828 λύραν.
752 744 878 832 ᾅσαντος
906 744 939 808 δὲ
967 741 1002 807 τὰ
1034 750 1134 826 πρῶνα
1163 751 1224 809 τῶν

148 833 281 918 Ἔργων·
304 831 359 899 οὐκ
382 831 439 916 ἄρα
463 841 577 915 μοῦνον
600 835 653 915 ἔην
676 834 783 916 ἐρίδων
805 835 900 918 γένος,
924 829 1064 918 ἐπῄνεσεν
1086 841 1144 898 art.
1153 830 1201 918 19).

246 927 329 987 Haec
347 928 446 988 omnia
465 927 492 987 ei
510 928 576 1003 quis
590 926 810 1003 ponderaverit,
828 928 865 986 de
885 926 987 987 schola
1000 925 1147 986 didactica
1164 946 1223 988 non

155 1016 315 1093 dubitabit,
335 1036 426 1092 quam
445 1016 471 1075 si
489 1017 556 1093 quis
574 1017 705 1077 voluerit
724 1034 791 1075 cum
811 1013 1024 1074 Thiersohio
1043 1007 1223 1094 (comment.

155 1105 248 1165 Acad.
268 1105 345 1165 Mon.
360 1123 388 1166 a.
403 1098 504 1186 1813)
524 1106 696 1166 Boeoticam
710 1105 883 1178 dicere„me
901 1123 961 1164 non
977 1103 1102 1164 habebit
1120 1105 1223 1165 adver-

155 1195 282 1273 sarium,
306 1195 393 1254 modo
412 1213 449 1253 ne
469 1195 646 1255 arctioribus
669 1214 760 1270 quam
778 1212 832 1268 par
851 1195 898 1252 est
915 1192 1030 1252 finibus
1044 1193 1225 1254 circumscri-

155 1283 217 1342 bat.
244 1283 324 1342 Nam
341 1301 380 1342 ne
398 1283 430 1341 in
447 1283 573 1343 Locride
590 1283 711 1360 quidem
725 1281 834 1342 Dorica
852 1280 998 1340 eiusmodi
1016 1282 1148 1341 scholam
1166 1281 1225 1342 He-

155 1372 288 1431 siodeam
296 1371 436 1447 defuisse,
446 1372 494 1432 cui
504 1373 636 1432 carmina
644 1372 794 1448 Aigimius
803 1373 834 1430 et
845 1362 968 1446 Κήυκος
979 1363 1226 1450 yoipopinscripta

155 1461 218 1520 sint
234 1461 404 1536 tribuenda,
427 1481 522 1537 nuper
539 1461 680 1537 probavit
702 1460 761 1522 Th.
783 1457 913 1534 Bergk.
931 1459 951 1517 l.
970 1458 990 1517 l.
1009 1478 1037 1534 p.
1059 1462 1142 1521 1001
1164 1479 1225 1536 seq.

276 1641 333 1697 IV.
371 1643 421 1697 De
443 1641 587 1697 Hesiodi
605 1641 772 1710 Operibus
795 1644 831 1696 et
852 1639 981 1697 Diebus
1005 1641 1106 1697 etde

476 1737 713 1792 ΜΕΓΑΛΟΙΣ
729 1737 904 1791 ΕΡΓΟΙΣ.

247 1849 362 1927 Opera
384 1851 508 1911 Hesiodi
528 1851 679 1912 continere
702 1849 912 1927 antiquissima
934 1851 1094 1926 praecepta
1116 1851 1224 1926 practi-

155 1958 207 2000 cae
242 1938 424 1999 Graecorum
456 1941 664 2018 philosophiae
699 1958 787 2000 nemo
824 1939 913 1998 facile
948 1937 1005 1998 erit
1038 1940 1089 2015 qui
1124 1943 1225 2017 neget,
1323 2013 1330 2028 ,
1397 1939 1406 1952 “

155 2031 297 2104 recteque
311 2024 407 2110 Ἔργα
429 2030 517 2090 initia
544 2029 752 2107 philosophiae
779 2029 928 2105 practicae
958 2028 1033 2086 dixit
1056 2027 1224 2088 Friesius

156 2117 270 2177 Hister.
298 2118 409 2178 Philos.
436 2119 460 2177 Ι.
490 2139 518 2195 p.
549 2120 600 2179 83.
646 2118 784 2178 Praetica
811 2121 913 2178 autem
941 2117 1132 2193 philosophia
1156 2137 1223 2178 cum

155 2205 311 2282 tripartita
341 2208 382 2266 sit
409 2209 573 2268 secundum
602 2206 786 2267 Graecorum
816 2205 1006 2281 disciplinam
1035 2207 1225 2282 comprehen-

156 2295 268 2370 datque
296 2295 448 2370 Ethicam,
476 2295 635 2355 Politicam
666 2298 697 2354 et
719 2293 959 2370 Oeconomicam,
988 2313 1042 2353 seu
1064 2298 1225 2371 praecepta

157 2383 193 2442 de
224 2383 359 2460 homine,
393 2385 428 2442 de
460 2385 539 2460 cive,
570 2386 606 2443 de
635 2383 869 2460 patrefamilias,
897 2401 957 2442 non
984 2383 1154 2442 mirandum
1178 2386 1225 2443 est

156 2471 284 2546 triplicis
299 2471 418 2546 generis
438 2490 504 2531 esse
521 2472 647 2532 Hesiodi
670 2472 711 2530 sic
735 2471 808 2529 dicti
830 2473 1000 2546 praecepta.
1046 2470 1070 2528 Ι.
1094 2471 1225 2532 Ethica

157 2561 260 2617 autem
284 2561 355 2618 sunt
376 2579 404 2618 v.
434 2561 489 2636 11,
515 2562 704 2633 203-247,
733 2560 922 2633 arr-382,
952 2559 1137 2620 ror-764.
1183 2560 1223 2620 ΙΙ.

156 2647 315 2707 Politice
345 2647 541 2726 paucissima,
575 2650 762 2721 248—272,
799 2647 890 2724 longe
926 2647 1132 2707 numerosiora
1167 2648 1223 2709 ΙΙΙ.

156 2736 400 2816 oeconomica,
428 2756 556 2812 quorum
580 2757 651 2814 pars
674 2737 711 2796 de
736 2736 875 2813 eligenda
897 2753 987 2794 uxore
1011 2735 1077 2812 agit
1100 2728 1225 2816 (695-

158 2817 248 2908 705).
293 2825 376 2885 Haec
399 2827 498 2886 omnia
517 2830 588 2886 sunt
612 2827 736 2902 antiqua
759 2825 919 2902 proverbia
942 2825 1128 2884 diversorum
1151 2828 1225 2884 tem-

155 2934 271 2990 porum,
294 2933 349 2974 nec
366 2914 464 2991 magis
484 2917 564 2975 inter
583 2935 614 2976 se
638 2916 799 2975 cohaerent
822 2913 949 2990 singula,
973 2932 1063 2990 quam
1078 2913 1224 2991 Theogni-

155 3003 202 3064 dis
226 3022 353 3079 gnomae
382 2997 423 3084 (v.
452 3004 557 3064 Wolf.
586 3004 726 3082 Prolegg.
753 3023 782 3080 p.
809 2996 887 3084 127)
911 3005 965 3061 aut
989 3021 1024 3061 ea
1047 3021 1124 3078 quae
1147 3003 1223 3063 Pho-

156 3092 248 3168 cylidi
270 3091 483 3152 adscribuntur
509 3095 670 3170 praecepta
699 3095 730 3152 et
752 3091 863 3151 similia
886 3092 966 3168 apud
989 3090 1063 3150 alios
1087 3093 1224 3168 populos

155 3180 319 3240 Proverbia
348 3183 507 3257 popularia
537 3201 602 3242 esse
632 3182 681 3241 vel
711 3201 747 3240 ex
775 3199 809 3240 eo
838 3183 936 3256 patet,
968 3180 1047 3257 quod
1077 3182 1225 3256 quaedam

156 3272 227 3328 sunt
248 3269 347 3328 minus
361 3269 501 3330 liberalia
519 3263 567 3351 (ut
589 3288 614 3331 v.
635 3263 723 3352 371),
747 3268 894 3345 quaedam
911 3269 1088 3346 popularem
1108 3271 1224 3346 spirant

156 3358 409 3435 superstitionem,
432 3360 587 3436 indignam
605 3361 695 3435 poeta
717 3349 891 3439 liberali²⁰).
936 3358 1038 3434 Atque
1061 3357 1135 3418 haec
1158 3379 1224 3435 pro·

228 3533 272 3595 19)
291 3529 333 3582 De
350 3530 412 3583 toto
431 3529 484 3584 hoc
503 3529 595 3597 capite
619 3528 654 3583 cf.
679 3543 753 3596 quae
770 3545 860 3598 nuper
878 3527 948 3582 scite
967 3527 1097 3596 exposuit
1115 3528 1224 3583 Volk-

156 3613 262 3678 mann.
286 3599 386 3654 Gesch.
408 3618 437 3653 u.
460 3599 554 3654 Kritik
577 3600 604 3655 d.
627 3598 714 3655 Wolf.
738 3599 849 3670 Proleg.
879 3617 907 3668 p.
936 3604 1086 3653 aro-315.
1129 3601 1223 3670 (Leip-

157 3684 201 3820 Ἠ)
220 3671 371 3808 1181))4)()αἰα
393 3741 545 3824 proverbia
566 3741 705 3824 quaedam
733 3741 927 3823 inveniuntur,
955 3756 1027 3822 quae
1054 3741 1222 3824 contrariam

157 3807 279 3862 ahenum
296 3814 509 3878 proverbiorum
528 3816 697 3868 sententiam
720 3814 879 3879 continent,
903 3829 933 3865 rn
952 3811 1053 3880 qurbus
1071 3828 1222 3882 praecipue

155 3879 255 3934 haberi
272 3883 365 3950 potest
382 3901 408 3938 v.
428 3889 489 3938 ³78.
526 3884 568 3939 De
589 3901 644 3953 quo
669 3901 751 3939 versu
769 3883 801 3940 G.
825 3883 1036 3938 Hermannns
1051 3883 1234 3953 (Zeitschrift

155 3950 175 4005 f.
201 3950 409 4008 Alterthumsw.
428 3961 498 4010 1836
517 3974 544 4026 p.
564 3958 628 4026 532)
647 3955 702 4010 ita:
729 3954 858 4024 „Tertius
877 3955 977 4008 horum
1004 3971 1134 4009 versuum
1160 3971 1223 4009 cum

156 4037 283 4092 pugnare
296 4039 358 4077 cum
372 4026 605 4095 praecedentibus
624 4043 680 4082 non
698 4027 789 4081 solum
802 4025 911 4091 Proclo,
931 4024 981 4080 sed
999 4025 1096 4093 etiam,
1115 4025 1140 4080 si
1157 4024 1225 4080 Tre·

155 4096 217 4148 trae
236 4093 304 4148 fides
324 4097 374 4162 est,
392 4095 449 4150 iam
473 4098 635 4154 Aristarcho
662 4097 869 4166 Plutarchoque
897 4095 974 4150 visus
997 4096 1046 4166 sit,
1074 4097 1225 4151 Doeder-

155 4163 248 4218 linus
271 4182 336 4220 eum
360 4167 403 4222 ite
420 4167 625 4224 defendendum
651 4167 800 4237 iudicavit,
828 4169 861 4222 ut
884 4165 981 4237 ἕτερον
1004 4184 1060 4222 non
1078 4167 1115 4221 ad
1133 4168 1225 4221 παῖδα

155 4235 318 4305 referretur,
342 4236 392 4292 scd
410 4237 517 4293 dictum
544 4241 619 4295 esset
645 4239 680 4295 de
708 4255 873 4308 possessore.
910 4238 1010 4294 Posset
1035 4238 1180 4306 hecfari,
1200 4238 1226 4292 si

156 4305 285 4362 abessent
309 4308 358 4376 qui
380 4310 553 4379 paecedunt
579 4327 689 4380 versus,
714 4309 763 4364 sed
786 4309 957 4380 praegressis
980 4309 1025 4364 his
1043 4325 1126 4364 nemo
1144 4309 1227 4362 illum
1273 4352 1274 4355 ,

209 4407 311 4448 Ηιεῐοι).
325 4407 360 4447 ed.
374 4407 486 4459 Gottlmg.
997 4414 1013 4454 0
