2948 4906
237 303 298 368 186
682 305 849 359 ΗΣιοΔον

235 457 320 527 ἀλλὰ
344 457 428 538 Ζεὺς
451 463 573 548 ἔκρυψε
596 457 830 546 χολωσάμενος
852 460 972 548 φρεσὶν
995 451 1089 549 ᾖσιν,

236 563 306 634 ὅττι
330 593 388 653 μιν
413 564 592 651 ἐξαπάτησε
615 563 821 654 Προμηθεὺς
844 563 1088 653 ἀγκυλομήτης·

235 668 366 739 τοῦνεκ’
391 668 445 760 ἄρ’
471 669 705 760 ἀνθρώποισιν
728 672 869 758 ἐμήσατο
893 669 996 757 κήδεα
1019 672 1135 761 λυγρά.

236 777 343 867 κρύψε
367 777 404 846 δὲ
426 782 507 866 πῦρ·
529 777 566 847 τὸ
590 778 651 866 μὲν
675 770 769 857 αὖτις
792 775 849 857 ἐΰς
870 791 948 856 παῖς
967 776 1127 847 Ἰαπετοῖο
1270 801 1308 850 50

236 883 348 967 ἔκλεψ’
374 883 587 972 ἀνθρώποισι
611 882 696 963 Διὸς
718 882 807 971 πάρα
830 882 1022 970 μητιόεντος

236 993 274 1058 ε’ν
297 995 398 1081 κοΐλῳ
421 988 584 1078 νάρθηκι,
607 987 725 1057 λαθὼν
749 993 818 1056 Δία
840 991 1110 1077 τερπικέραυνον.
1190 1059 1192 1066 ,

234 1096 294 1166 τὸν
319 1096 356 1165 dt
379 1095 613 1184 χολωσάμενος
634 1098 782 1184 προςέφη
805 1097 1047 1184 νεφεληγερέτα
1071 1097 1173 1179 Ζεύς·

306 1327 340 1382 V.
360 1334 404 1383 47.
441 1327 524 1416 uesci
542 1327 631 1398 λῇοιν
649 1328 695 1382 Fl.

235 1470 258 1526 O
306 1400 339 1455 V.
359 1403 402 1453 48.
440 1394 695 1470 αγκνλομήτης]
723 1399 767 1453 Al.
786 1391 987 1468 ἆγκνλόμητις,
1006 1400 1039 1454 ut
1055 1399 1211 1457 Philemo
1229 1421 1257 1472 p.
1278 1410 1305 1459 b.

260 1488 338 1528 eann.

305 1542 340 1598 V.
360 1548 402 1596 49.
440 1536 566 1612 κήδεα]
586 1540 617 1597 Gr.
637 1537 757 1626 irrideor.q

305 1613 340 1668 V.
360 1621 402 1668 50.
439 1611 494 1667 Pro
514 1604 595 1675 αὖτις
613 1612 699 1683 vulgo
718 1615 814 1675 ανθις.
852 1611 982 1667 Ceterum
1006 1629 1077 1680 quae
1101 1613 1166 1670 inde
1189 1616 1226 1670 ab
1249 1617 1306 1673 hoc

234 1702 316 1740 versu
342 1685 496 1753 sequnntur
518 1701 536 1738 a
558 1683 659 1739 ceteris
682 1683 852 1754 seiungenda
874 1700 934 1738 esse
958 1683 1121 1740 Lehrsius
1139 1689 1222 1756 putat
1245 1689 1304 1744 1.1.

236 1757 409 1812 Adversatus
429 1757 472 1809 est
490 1753 639 1810 Schoem.
658 1773 686 1824 p.
706 1760 748 1811 14.
1287 1768 1305 1808 e

306 1827 340 1883 V.
360 1833 402 1881 51.
441 1825 563 1881 Schola
588 1826 674 1894 δῆλον
693 1825 739 1894 δέ,
758 1820 796 1888 ὡς
813 1823 1017 1894 προεκδέδοται
1035 1821 1053 1894 ἡ
1070 1827 1222 1896 Θεογονιά·
1244 1827 1310 1887 ἐκεῖ

235 1895 268 1952 db
284 1893 393 2022 (λνγὰρ)
408 1897 525 1980 πλεζονα
538 1896 604 2020 '‘fa-d
617 1896 667 1951 rori
682 1893 860 1966 Προμηθέως
874 1895 958 1966 λέγει,
977 1892 1016 1960 ὡς
1028 1893 1156 1966 ἠπάτηοε
1171 1897 1222 1955 τὸν
1236 1905 1304 1958 Δία.

334 1975 401 2022 .53.
439 1986 490 2021 τον
508 1986 537 2021 τε
585 2009 590 2021 .

271 2183 304 2237 V.
320 2188 434 2238 47-51.
461 2183 537 2237 Haeo
557 2200 591 2236 ex
608 2181 670 2251 ipso
684 2181 740 2235 He·
795 2198 896 2250 easque
915 2198 1048 2236 novaram
1071 2200 1165 2238 rerum
1184 2187 1302 2257 cupidas

235 2253 314 2308 siodo
337 2256 401 2309 suut
423 2253 603 2323 explicanda,
628 2269 684 2307 non
707 2269 742 2307 ex
794 2253 874 2320 fecit,
903 2256 935 2307 ut
956 2257 1089 2323 proterva
1111 2273 1163 2311 sua
1185 2258 1303 2315 levitate

235 2325 384 2395 Aeschylo,
398 2342 455 2380 non
469 2342 503 2380 ex
511 2325 617 2395 Aesopi
628 2323 742 2390 fabulis,
795 2340 829 2379 ac
839 2324 950 2378 luxuria
957 2329 1171 2395 compensarent
1179 2328 1304 2385 virorum

235 2395 741 2464 quascommemoravitMitscherl.
795 2395 961 2449 industriam
976 2396 1006 2449 et
1023 2395 1060 2450 ad
1079 2396 1164 2452 altius
1178 2400 1305 2456 enitendi

235 2467 369 2523 Meconae
393 2468 438 2536 (of.
463 2468 556 2523 adnot.
580 2467 617 2522 ad
635 2467 740 2536 Theog.
796 2465 927 2522 studium.
957 2466 1065 2536 Nempe
1079 2467 1137 2522 iam
1151 2473 1217 2526 ante
1231 2471 1303 2527 Pan-

235 2542 298 2609 535)
313 2539 440 2594 homines
460 2555 522 2593 cnm
536 2538 590 2594 diis
603 2538 742 2607 decepta
795 2538 894 2592 doram
911 2537 1079 2606 Epimetheo
1100 2539 1197 2595 datam
1215 2559 1304 2610 genus

235 2611 313 2679 bant,
326 2611 422 2664 utrum
436 2610 536 2664 melius
546 2611 621 2664 esset
630 2625 743 2663 carnem
795 2607 932 2663 muliebre
947 2611 1009 2663 erat
1027 2611 1112 2678 (errat
1127 2611 1204 2666 enim
1217 2611 1304 2670 Pau·

236 2681 290 2737 diis
306 2680 445 2736 offerrem
459 2679 609 2749 sacrificiis,
624 2696 666 2734 an
681 2695 743 2734 ossa
796 2696 863 2734 san.
894 2679 928 2734 de
951 2679 1074 2736 Hesiodo
1107 2697 1249 2752 exponens
1281 2689 1304 2757 1,

236 2770 299 2807 cum
308 2753 421 2806 omento
429 2750 567 2819 (risose.
576 2751 646 2820 Epp.
653 2751 741 2818 myth.
796 2752 850 2820 24),
870 2750 919 2805 sed
937 2750 1043 2819 absque
1061 2751 1169 2807 artibus
1187 2754 1245 2809 illis
1265 2759 1303 2825 (v.

237 2823 272 2892 Il,
287 2825 340 2892 39).
374 2821 499 2876 Tandem
520 2821 656 2889 homines,
674 2820 742 2876 Pro·
796 2823 921 2891 64-66)
948 2821 1115 2878 aMinerva
1137 2827 1167 2879 et
1194 2825 1303 2884 Venere

236 2893 344 2949 methei
367 2892 473 2947 astutia
499 2893 555 2962 usi,
582 2893 677 2948 iovem
700 2891 743 2946 ita
797 2892 921 2961 adiectis,
940 2909 1013 2961 quae
1031 2894 1115 2947 simul
1133 2912 1196 2950 cum
1210 2899 1303 2968 magis

235 2965 413 3047 deceperunt,
431 2966 464 3018 ut
478 2981 542 3019 ossa
558 2963 613 3018 sibi
630 2963 741 3031 inscius,
796 2964 906 3019 exculto
918 2981 968 3033 per
979 2963 1178 3021 Prometheum
1187 2967 1303 3039 ingenio

236 3039 269 3091 ut
290 3035 451 3102 videbatur,
476 3035 605 3104 eligeret,
628 3051 741 3090 carnem
795 3035 919 3091 virorum
934 3034 1084 3091 effloruere.
1117 3037 1190 3092 Nam
1208 3043 1242 3095 ut
1260 3041 1301 3096 vi-

235 3105 654 3174 verohominibusrelinqueret.
669 3105 742 3159 Hinc
795 3106 847 3160 rilc
866 3123 953 3175 genus
967 3106 1150 3163 Prometheus
1169 3111 1301 3181 excoluit,

236 3178 348 3232 detecta
385 3177 531 3231 hominum
562 3177 742 3246 malignitate
795 3177 837 3232 ita
863 3177 1030 3232 muliebrem
1055 3194 1152 3233 sexum
1175 3180 1303 3240 Minerva

236 3248 331 3318 ignem
350 3247 489 3302 subtraxit
505 3247 639 3318 iuppiter,
658 3264 742 3318 quem
796 3265 859 3302 cnm
873 3249 991 3316 Venere,
1010 3248 1094 3318 idque
1107 3266 1210 3320 magno
1228 3254 1302 3310 viro-

236 3319 327 3373 ferula
349 3318 451 3373 deinde
473 3319 612 3374 inclusum
629 3319 742 3373 Prome·
796 3337 859 3374 rum
889 3319 1057 3374 detrimento
1094 3320 1207 3377 factam.
1250 3323 1301 3380 Cf.

236 3391 318 3444 thcue
332 3390 427 3460 rapuit
439 3390 658 3460 mortalibusque
668 3389 742 3445 dono
795 3391 919 3444 Buttm.
938 3391 1085 3459 Mythol.I
1102 3410 1129 3462 p.
1145 3398 1179 3448 48
1194 3409 1250 3463 seq.
1271 3401 1300 3452 et

237 3461 323 3518 dedit.
359 3461 420 3517 Hoc
443 3463 558 3532 pactum
580 3461 742 3516 mortalium
797 3461 961 3517 Welcker.
973 3461 1039 3516 Tril.
1050 3464 1150 3519 Aesoh.
1160 3482 1187 3534 p.
1199 3471 1232 3520 73
1241 3482 1300 3536 seq.

237 3550 302 3588 cum
315 3532 368 3588 diis
378 3532 412 3588 de
427 3532 570 3587 sacrificiis
580 3549 741 3602 comparari·
830 3534 865 3590 V.
890 3539 933 3586 51.
975 3529 1109 3606 ἔκλεψ’]
1143 3535 1301 3592 Secundum

236 3604 303 3658 dnm
322 3607 366 3660 est
385 3623 449 3660 cum
466 3604 552 3658 simili
569 3604 666 3658 fabula
684 3604 742 3658 Nu·
796 3607 940 3660 auctorem
958 3604 1052 3673 hymn.
1072 3605 1153 3660 Hom.
1173 3607 1220 3676 III,
1242 3614 1300 3666 108.

235 3693 299 3730 mae
319 3680 348 3732 et
365 3675 439 3732 lovis
463 3676 538 3746 apud
556 3674 743 3730 Arnobium
795 3675 949 3730 Mercurius
975 3675 1066 3730 simile
1090 3677 1158 3746 quid
1183 3678 1300 3735 invenit.

236 3745 271 3813 V,
282 3755 306 3801 1.
331 3747 487 3802 Secundum
502 3747 655 3802 Hesiodum
669 3763 742 3800 mor·
796 3746 926 3802 Ceterum
949 3746 1155 3803 animadvertas
1172 3749 1300 3806 scholion

236 3818 308 3872 tales
330 3819 388 3871 iarn
416 3821 482 3873 ante
505 3820 642 3873 noverant
668 3817 741 3886 ignis
795 3817 923 3872 Procli:
943 3817 1049 3902 ρνθος·
1067 3817 1175 3886 κλέψας
1194 3814 1209 3874 ὁ
1225 3824 1301 3888 Προ-

236 3907 331 3956 usum,
359 3889 435 3957 quod
458 3889 656 3958 comprobatur
680 3891 742 3942 tum
796 3883 908 3959 μηθενς
925 3908 957 3942 το
977 3889 1034 3957 πῦρ
1054 3887 1095 3952 εἰς
1110 3884 1192 3945 πόλιν
1210 3883 1301 3959 ἦλθεν

236 3958 378 4028 sacrificio,
398 3976 452 4027 quo
467 3963 533 4015 ante
546 3961 590 4014 uei
604 3961 692 4029 erant,
710 3962 742 4013 ut
796 3955 945 4014 Airoiicv'
956 3952 1010 4028 ἀφ’
1023 3951 1056 4014 cri
1072 3959 1175 4032 αννέβη
1188 3958 1241 4030 τὴν
1250 3961 1301 4017 πό-

235 4029 317 4085 testis
331 4032 375 4085 cet
389 4031 561 4100 (theogonia,
579 4032 642 4085 tum
675 4030 742 4085 arti·
795 4035 839 4084 λιν
862 4031 1005 4099 κληθῆναι
1024 4033 1180 4098 Πνρηνίαν.
1218 4032 1301 4088 Simi-

236 4101 301 4156 cula
320 4091 400 4163 αὖτις
419 4101 500 4171 Oper.
519 4121 545 4158 v.
565 4106 608 4156 50.
672 4101 742 4156 omi·
795 4101 1213 4172 literinTheogoniaMeoonae
1222 4121 1302 4159 men-

234 4173 317 4228 nibus
330 4171 425 4242 igitur,
444 4174 477 4226 ut
489 4189 609 4242 poenam
623 4172 742 4241 luerent,
794 4173 836 4228 tio
854 4171 987 4227 inlicitur.

234 4244 362 4313 Iuppiter
383 4243 541 4298 Pandoram
564 4242 655 4312 dedit,
679 4244 696 4297 i.
717 4261 741 4298 e.
831 4244 864 4299 V.
874 4251 917 4298 52.
943 4243 1066 4316 κοΐλῳ]
1081 4243 1127 4305 ¹De
1141 4246 1196 4300 hae
1209 4245 1305 4302 forma

235 4315 481 4370 mulierummores
490 4313 646 4369 mutavitin
652 4314 741 4383 peius,
794 4315 944 4385 trisyllaba
962 4333 986 4370 v.
1008 4315 1092 4372 anim.
1111 4315 1148 4371 ad
1166 4335 1191 4371 v.
1212 4323 1274 4373 689.
