2904 4900
551 274 824 332 FRAGMENTA.

560 471 685 538 cxcii.
714 471 817 560 (ενι.)

226 591 351 648 Strabo
370 594 429 648 VII.
448 612 475 664 p.
495 600 560 649 327:

239 698 417 786 Δωδώνην
441 699 554 787 φηγόν
577 726 627 784 τε,
649 703 836 786 Πελασγῶν
862 704 1021 790 ἕδρανον,
1045 693 1134 789 ἧκεν.

141 821 212 876 Vox
232 822 333 878 ultima
351 841 385 879 ex
404 824 599 879 emendatione
618 827 662 879 esi
681 825 886 882 casauboni.
920 826 1013 897 Vulgo
1034 818 1093 895 ἦεν.
1127 827 1223 882 Gais-

141 909 234 966 ford.
272 903 450 982 ηἐνΒοίει.

416 1117 420 1123 ,
496 1103 505 1122 Ι
558 1039 702 1106 exsui.
730 1038 812 1127 (53.)

224 1159 384 1230 stephan.
402 1163 475 1231 Byz.
495 1180 520 1217 v.
536 1160 653 1231 Αἰγαῖον
672 1161 800 1231 πέλανος,
835 1160 894 1217 ἔστι
913 1161 962 1216 καὶ
976 1161 1095 1232 Αίηαῑον
1113 1166 1222 1234 πεδίον,

142 1244 295 1304 συνάπτον
313 1249 347 1321 τῇ
367 1252 474 1320 Κίρρᾳ,
498 1247 537 1313 ὥς
551 1245 686 1313 Ἡσίοδος.
723 1249 834 1321 λέγεται
856 1245 935 1319 παρά
953 1246 1023 1320 αἷμά
1048 1271 1116 1306 ποτε
1136 1272 1222 1322 φερο-

141 1335 239 1406 μένην
258 1331 315 1392 άπὸ
335 1339 385 1392 τού
404 1338 470 1406 περὶ
487 1334 519 1393 τὸ
539 1334 655 1393 Πύθιον
678 1335 775 1407 ὅρους,
796 1333 850 1408 ἀφ’
872 1329 906 1393 ού
930 1338 979 1392 καλ
1004 1335 1035 1393 τὸ
1055 1341 1156 1396 πεδίον
1174 1344 1222 1396 Αί-

142 1443 239 1494 γαιον.
269 1424 509 1483 Marckscheff.
529 1425 687 1482 Oasauboni
702 1427 926 1482 emendationem
939 1423 1018 1496 παρὰ
1033 1430 1122 1497 Λίνον
1136 1447 1221 1483 ποτα-

142 1508 204 1582 μὸν
224 1511 384 1584 φερόμενον
401 1516 522 1586 τεοερίι,
547 1516 626 1571 codd.
646 1517 731 1572 eiiam
749 1517 901 1585 firmatam,
926 1517 975 1586 qui
999 1517 1108 1573 habent
1126 1520 1220 1586 αίηαν.

143 1601 205 1656 Sed
224 1619 258 1657 cx
281 1603 375 1659 verbis
398 1604 515 1660 additis:
547 1599 603 1674 ἀφ’
627 1596 662 1660 ού
682 1605 732 1659 καὶ
749 1600 781 1660 τὸ
805 1607 907 1661 πεδίον
925 1607 1057 1674 Αίηαιον,
1081 1605 1221 1661 indicatur

141 1693 297 1748 accensum
315 1694 398 1749 modo
418 1692 545 1764 αίγαίον,
568 1695 652 1750 modo
671 1697 785 1764 αίηαιον
808 1694 907 1762 fuisse,
931 1695 1004 1749 unde
1024 1697 1123 1763 sponse
1141 1697 1222 1764 patet

142 1780 236 1836 ctiam
268 1781 387 1836 alteram
416 1782 536 1837 formam
565 1783 601 1837 ab
629 1782 745 1837 animali
772 1783 929 1838 derivatam
950 1782 1044 1838 fuisse.
1087 1783 1166 1849 Quod
1191 1783 1221 1837 in

142 1869 291 1925 codicibus
310 1870 417 1940 legitur
436 1873 522 1941 αίηαν
546 1888 597 1941 pro
616 1869 685 1942 αἷμα
702 1872 813 1927 videtur
834 1872 864 1926 in
887 1871 921 1926 iis
945 1872 1144 1927 vocabulorum
1166 1871 1221 1926 for·

141 1959 201 2013 mis
225 1959 385 2014 habendum
411 1977 484 2030 esse,
509 1961 544 2014 de
568 1961 670 2030 quibus
694 1960 765 2014 dixit
787 1959 978 2015 Lobeckius
1002 1960 1092 2016 Parsl.
1111 1979 1138 2030 p.
1161 1966 1220 2016 142.

143 2047 189 2102 ef.
209 2047 345 2102 Miller.
365 2049 429 2103 Dor.
448 2049 469 2102 Ι.
493 2066 520 2118 p.
540 2055 602 2105 318.
647 2046 747 2119 [Αίγᾶν
765 2041 894 2117 ποταμὸν
915 2080 946 2088 -
966 2045 1084 2117 Αίηαῖον
1108 2048 1223 2118 scripsit

141 2135 365 2208 Moinekius]

559 2244 700 2312 cxciv.
729 2243 810 2332 (τε.)

222 2367 350 2422 Strabo
368 2366 389 2420 Ι.
409 2386 436 2437 p.
456 2373 503 2422 23:
534 2362 741 2437 Ἐρατοσθένης
764 2365 797 2420 δέ
813 2361 943 2421 Ἡσίοδον
966 2366 1021 2436 μὲν
1045 2362 1151 2433 εἰκάζει
1173 2386 1220 2422 πε·

143 2453 294 2526 πυσμέννν
312 2457 378 2526 περὶ
396 2456 448 2523 τῆς
464 2452 618 2518 Ὀδυσσέως
636 2450 757 2525 πλάνης,
781 2451 825 2510 ὅτι
844 2450 916 2510 κατά
936 2457 1070 2509 Σικελίαν
1089 2455 1137 2509 καί
1155 2450 1220 2510 Ἰτα-

142 2547 213 2600 λίαν
232 2543 397 2613 γεγένηται,
416 2540 606 2599 πιστεύσαντα
628 2545 662 2614 τῇ
687 2541 756 2616 δόξη
780 2540 925 2615 μὴμόνον
949 2544 1005 2597 τῶν
1027 2537 1082 2613 ὑφ’
1098 2539 1220 2614 Ὁμήρου

143 2631 309 2703 λεγομένων
334 2632 512 2702 μεμνῆσθαι,
532 2627 601 2686 άλλά
626 2633 675 2687 καί
697 2636 798 2701 Αἴτνης
821 2632 870 2686 καί
892 2628 1048 2703 Ὀρτυγίας,
1075 2633 1125 2686 τού
1150 2627 1221 2702 πρὸς

143 2717 337 2791 Συρακούσας
351 2722 458 2790 νησίον,
476 2721 527 2775 καλ
542 2721 704 2791 Τυρρηνῶν.
738 2722 784 2793 [V.
799 2722 939 2777 animadv.
955 2722 992 2776 cd
1006 2722 1111 2792 Theog.
1129 2722 1219 2792 1016}

528 2881 652 2964 cxcv.
682 2881 747 2968 (80.
772 2882 840 2970 81.)

221 3004 335 3061 Schol.
363 3004 521 3074 Apollon.
545 3005 599 3074 111,
622 3011 686 3060 311:
728 3000 926 3074 ἠκολούθησεν
956 3000 1134 3067 Ἀπολλώνιος
1161 3011 1220 3067 τοῖς

143 3088 221 3149 κατά
246 3089 278 3147 τὸ
305 3088 483 3163 Τυρρηνικὸν
505 3091 627 3164 πέλαγος
654 3089 875 3165 ὑποτιθεμένοις
901 3090 954 3163 τὴν
976 3089 1128 3156 Ὀδυσσέως
1150 3087 1219 3147 πλά-

144 3204 210 3252 νην,
230 3173 271 3236 τόν
289 3177 412 3252 άρχηνδς
426 3177 566 3250 Ἡσίοδος,
585 3181 782 3256 κατῳκηκέναι
804 3181 894 3252 λέγων
912 3186 1022 3253 Κίρκην
1046 3178 1078 3238 έν
1096 3183 1134 3253 τῷ
1153 3201 1218 3250 προ-

145 3269 289 3345 ειρημένῳ
313 3267 443 3340 πελάγει·
468 3302 500 3310 -
525 3270 594 3340 φησί
617 3269 649 3326 δέ
666 3266 845 3334 Ἀπολλούνιος
863 3267 985 3344 Ἡσιόδῳ
1009 3267 1149 3342 ἑπόμενος
1172 3267 1220 3325 έπλ

143 3361 199 3415 τού
219 3355 344 3431 ἅρματος
366 3360 417 3414 τού
433 3354 529 3414 Ἡλίου
553 3358 593 3421 εἰς
616 3355 667 3429 τὴν
690 3357 763 3415 κατὰ
789 3361 950 3429 Τυρρηνίαν
972 3359 1109 3430 κειμένην
1133 3361 1219 3428 νῆσον

144 3445 200 3519 τὴν
220 3450 328 3518 Κίρκην
347 3443 452 3503 έλθεῑν.

559 3555 699 3621 cxcvi
728 3554 809 3644 (οε.)

222 3678 346 3732 Strabo
365 3679 385 3732 Ι.
406 3695 433 3747 p.
453 3683 500 3732 59:
530 3677 699 3747 σνηχούνται
718 3675 751 3732 δέ
770 3677 819 3732 καλ
839 3674 871 3732 αί
887 3677 985 3732 λοιπαί
1001 3680 1066 3746 (τῶν
1085 3682 1150 3750 περὶ
1167 3678 1219 3738 τόν

145 3762 280 3838 Ἀχελῷον
299 3761 419 3835 νήσων),
436 3761 474 3829 ὥς
488 3761 617 3828 Ἡσίοδός
636 3783 731 3834 φησιν.

547 3926 706 3993 cxcvii.
735 3924 816 4013 (εν.)

220 4049 329 4104 Schol.
354 4048 513 4117 Aponon.
533 4049 623 4106 Rhod.
642 4048 691 4116 IV,
711 4051 776 4102 892:
809 4042 1007 4116 η’κολούθησεν
1027 4041 1147 4118 Ἡσιόδῳ
1171 4039 1217 4101 ού-

146 4159 200 4200 τως
220 4130 387 4206 ὀνομάζοντι
406 4131 458 4203 τὴν
477 4137 564 4204 νῆσον
583 4137 639 4192 τῶν
658 4131 818 4205 Σειρήνων·

192 4247 300 4329 νῆσον
324 4241 357 4320 ἐς
377 4238 639 4330 Ἀνθεμόεσσαν,
662 4245 719 4310 ἵνα
742 4247 837 4328 σφίσι
863 4244 948 4308 δῶκε
971 4246 1144 4324 Κρονίων.
