2892 4902
234 307 326 354 LVIII

234 455 350 531 legitur
376 453 408 512 in
435 415 534 514 codice
563 453 633 512 Vat.
656 455 688 514 et
710 444 827 529 Ven.³⁰)
873 409 959 522 tluod
985 451 1060 512 mihi
1090 451 1211 529 quidem
1234 451 1305 512 olim

234 543 433 619 imposuerat,
460 545 503 602 ut·
522 541 622 602 Procli
648 559 715 603 esse
742 541 819 601 hanc
846 540 1128 601 commentationem
1155 543 1304 618 putaram,

111 645 118 654 ’
236 649 297 692 non
319 631 456 707 Taetzae,
484 649 575 706 quem
598 630 697 690 Procli
718 630 813 690 verbe.
834 629 867 688 in
889 647 978 690 suurn
1003 647 1092 690 usum
1114 630 1305 706 impudenter

233 720 418 780 convertisse
446 719 629 793 arbitrabar,
661 719 744 780 locus
774 720 822 779 est
849 717 892 777 sic
919 717 1048 793 scriptus
1076 717 1109 776 in
1139 718 1303 780 codicibus:

232 801 429 886 Ἀριστοτέλης
456 803 509 886 μέν
537 801 554 868 ὃ
577 800 758 885 φιλόσοφος,
785 808 896 885 μᾶλλον
923 802 970 881 δέ,
999 797 1094 885 οἶμαι,
1122 797 1231 879 risorie
1252 805 1303 868 πέ-

235 899 330 968 πλους
356 890 501 968 συντάξας
527 893 560 956 έν
591 898 626 978 τῇ
654 888 849 975 Ὀρχομενίων
880 893 1009 978 πολιτείηι
1040 895 1225 974 Στησίχορον
1253 890 1305 958 τὸν
1380 939 1383 942 -

236 978 394 1062 μελοποιὸν
417 977 496 1044 εἷναί
516 1001 609 1062 φησιν
631 978 700 1046 υίὸν
718 975 863 1044 Ἡσιόδου
885 980 919 1044 ἔτι
940 985 992 1061 τῆς
1015 981 1173 1062 Κλυμένης
1193 1005 1222 1043 ιι.
1239 1005 1263 1044 τ.
1282 981 1304 1044 ἒ.

236 1072 319 1134 Haec
341 1074 448 1151 verbe,
476 1073 513 1133 de
535 1074 644 1150 quibus
666 1077 749 1133 tacet
770 1071 919 1148 Ranlrius,
944 1074 1042 1132 multo
1065 1073 1230 1133 doctiorem
1253 1074 1303 1134 ho·

232 1162 347 1222 minem
378 1162 510 1222 indicare
537 1162 729 1234 videbantur,
763 1180 852 1237 quam
881 1161 987 1221 Tnetaa
1019 1161 1090 1238 fuit,
1126 1164 1218 1238 atque
1250 1163 1305 1222 hoo

236 1269 271 1310 eo
298 1248 457 1312 videbitur
484 1251 671 1326 probabilius
696 1269 773 1323 esse,
802 1250 883 1326 quod
905 1253 977 1310 sunt
998 1250 1110 1312 omissa
1132 1250 1202 1310 inde
1226 1250 1264 1310 ab
1278 1242 1303 1310 ’ὁ

232 1333 401 1416 φιλόσοφος
418 1358 514 1416 usque
532 1339 573 1398 ad
589 1338 720 1421 πολιτείᾳ
737 1339 768 1398 in
787 1338 912 1398 I'aetaae
931 1337 1051 1399 scholiis
1074 1357 1093 1398 a
1116 1338 1304 1400 Trincevello

236 1427 325 1488 editis
352 1448 381 1504 p.
405 1430 434 1504 3,
458 1429 492 1502 43
519 1429 579 1487 ism
608 1427 634 1487 si
660 1427 880 1504 comparaveris
908 1445 976 1488 cum
1003 1427 1105 1488 verbis
1133 1445 1206 1488 vere
1233 1427 1305 1488 Pro·

232 1517 339 1577 olienis
370 1516 403 1576 in
433 1517 524 1578 schol.
557 1516 596 1576 ad
623 1514 713 1593 Oper.
742 1519 819 1588 271,
852 1517 1011 1591 scrupulus
1044 1514 1122 1576 alius
1145 1515 1305 1578 inficietur.

233 1605 347 1668 Scribit
369 1604 448 1666 onim
470 1606 509 1665 is:
536 1598 699 1684 Φιλόχορος
722 1599 755 1665 δέ
773 1597 955 1681 Στησίχορόν
977 1619 1053 1681 φησι
1069 1596 1121 1664 τὸν
1143 1596 1204 1665 tat
1222 1607 1304 1665 Κλυ-

231 1691 333 1772 μένης.
377 1694 461 1754 Idam
487 1712 559 1754 vero
586 1693 710 1754 Proclus
738 1693 776 1754 ad
803 1690 858 1768 Op.
887 1693 949 1752 631
978 1693 1037 1751 ita:
1069 1685 1144 1752 ὅθεν
1171 1690 1222 1754 καί
1253 1686 1305 1754 τὸν

234 1777 310 1844 θεὸν
333 1776 529 1860 Ὀρχομενίοις
556 1776 714 1860 προςτιίξαι
740 1774 775 1840 τὰ
798 1773 942 1842 Ἡσιόδου
969 1780 1097 1858 λείψανα
1124 1782 1226 1860 λαβεῖν
1254 1779 1304 1842 καὶ

233 1865 337 1947 θάψαι
367 1863 437 1947 παρ’
472 1862 587 1945 αὐτοῖς,
619 1862 659 1941 ὦς
689 1866 740 1928 καὶ
764 1862 959 1948 Ἀριστοτέλης
986 1865 1061 1948 φησί
1091 1864 1219 1948 γράφων
1249 1864 1303 1948 τὴν

229 1952 427 2037 Ὀρχομενίου
449 1957 607 2020 πολιτείαν.
643 1958 745 2034 Atque
768 1956 878 2018 similia
896 1957 1095 2018 Aristotelem
1117 1959 1155 2018 de
1172 1959 1302 2021 Hesiodo

231 2047 394 2106 tradidisse
430 2046 463 2106 in
493 2047 647 2122 republica
680 2045 945 2108 Orchomeniorum
977 2047 1113 2108 concludi
1144 2047 1237 2108 etiam
1268 2067 1304 2108 ex

235 2135 324 2196 Prov.
348 2134 501 2194 Vaticanis
525 2135 576 2210 IV,
601 2137 620 2196 3
644 2129 793 2214 (Psroem.
818 2134 871 2196 Gr.
892 2133 917 2194 I.
939 2155 969 2211 p.
987 2129 1067 2215 456)
1089 2137 1203 2211 potest,
1227 2155 1303 2213 quae

232 2243 328 2299 supra
360 2224 568 2300 allegavimus.
612 2224 678 2284 Iam
709 2242 780 2285 vero
813 2224 866 2299 qui
893 2224 953 2284 ista
980 2224 1085 2298 verba,
1117 2220 1230 2302 μᾶλλον
1261 2221 1303 2299 δέ,

232 2304 331 2390 οἶμαι,
358 2315 432 2388 art,
460 2313 558 2374 obiter
583 2313 761 2388 inspexerit,
790 2313 947 2372 subactum
974 2311 1118 2372 iudicium
1146 2313 1226 2374 docti
1254 2314 1303 2374 ho·

234 2401 323 2461 minis
343 2401 400 2462 sibi
418 2420 580 2478 agnoscere
598 2400 762 2478 ridebitur,
786 2400 838 2478 qui
858 2400 1076 2476 rempublicam
1095 2399 1304 2464 Orchomenio-

234 2509 304 2548 rum
325 2509 386 2550 non
409 2509 427 2549 a
449 2489 628 2566 philosopho
656 2490 801 2567 scriptam
828 2507 894 2550 esse
917 2489 1083 2550 arbitratus
1107 2490 1161 2564 sit,
1189 2491 1242 2551 sed
1265 2491 1303 2550 ab

230 2579 294 2638 alio
312 2578 492 2652 Aristotele,
516 2579 568 2654 qui
588 2572 641 2638 τὸν
658 2575 781 2639 Πέπλον
799 2577 989 2654 conscripsit.
1025 2578 1110 2638 Nihil
1133 2582 1180 2638 est
1201 2581 1304 2640 autem

234 2667 274 2726 ab
292 2667 413 2742 ingenio
435 2667 559 2728 Tzstnae
577 2670 642 2726 tam
660 2667 792 2726 alionum
809 2685 899 2743 quam
919 2667 993 2726 haec
1015 2667 1132 2728 altioris
1154 2667 1303 2744 indaginis

230 2747 329 2818 crisis.
365 2753 503 2830 Accedit,
527 2755 606 2831 quod
628 2755 700 2814 libri
716 2754 891 2816 Aristotelis
915 2755 953 2814 de
976 2755 1148 2816 civitatibus
1167 2757 1302 2832 tempore

235 2843 361 2904 Tretaae
385 2843 449 2904 sins
472 2843 563 2905 dubio
585 2844 647 2902 iam
670 2842 817 2918 deperditi
845 2847 940 2902 erant.
984 2844 1128 2904 Fortasse
1154 2843 1248 2920 igitur
1271 2845 1303 2904 in

235 2931 360 2992 Tzetzae
378 2931 542 3007 exemplari
565 2930 745 2991 scholiorum
763 2932 988 2992 Proclianorum
1011 2931 1157 3009 scriptum
1180 2937 1258 2994 erat:
1287 2925 1303 2994 ὃ

231 3014 402 3098 φιλόσοφος
419 3037 474 3095 pro
493 3011 509 3079 ὁ
530 3012 704 3099 Φιλόχοροςι
730 3019 826 3097 igitur
844 3037 912 3080 cum
934 3039 995 3079 non
1016 3021 1182 3081 invenisset
1204 3021 1302 3082 locum

233 3111 265 3168 in
279 3108 453 3168 Aristotelis
473 3107 592 3184 scriptis
612 3108 670 3168 sibi
687 3109 782 3182 notis,
805 3127 841 3168 ex
860 3108 1031 3168 coniectura
1053 3108 1168 3168 addidit
1190 3109 1302 3171 dictum

306 3350 351 3414 30)
370 3347 404 3402 V.
423 3347 543 3418 Bergk.
561 3347 640 3404 Post.
660 3349 711 3420 lyr.
730 3367 758 3417 p.
778 3354 830 3403 383
849 3349 921 3404 not:
940 3347 1079 3417 „Omnino
1098 3347 1160 3402 rita
1178 3348 1303 3416 Hesiodi,

234 3436 307 3488 quae
325 3417 425 3474 Proolo
439 3417 581 3487 tribuitur,
599 3419 665 3474 huic
678 3418 881 3474 abiudicanda:
900 3421 943 3474 est
961 3419 1037 3473 enim
1054 3435 1167 3489 prorsus
1186 3419 1303 3490 indigna

233 3490 347 3546 homine
366 3490 421 3544 hoo
439 3490 549 3544 erudito
567 3491 597 3545 et
613 3490 755 3545 modestos
775 3505 867 3559 nugae
885 3490 915 3544 et
932 3488 1073 3556 convicia,
1092 3490 1194 3558 quibus
1211 3491 1302 3560 inqui·

233 3563 301 3616 nata
330 3561 386 3627 est,
419 3560 488 3616 satis
510 3577 649 3631 superque
671 3560 860 3616 testificantur
882 3577 900 3616 a
923 3561 1026 3616 laetae
1053 3577 1114 3618 asse
1145 3561 1303 3631 conscripta

234 3631 319 3702 (vidit
340 3631 394 3687 hoc
418 3632 504 3687 stiam
523 3631 611 3687 Itose
630 3631 747 3688 Aristot.
769 3631 906 3700 Pseudep.
924 3649 952 3702 p.
972 3636 1024 3686 508
1044 3633 1114 3702 seq.)
1133 3633 1219 3701 atque
1237 3648 1303 3688 con-

233 3701 312 3773 gruit
337 3702 440 3757 mirum
467 3702 497 3758 in
524 3703 640 3758 modum
667 3719 732 3758 cum
757 3701 847 3758 altera
870 3702 944 3771 vita,
970 3717 1044 3771 quae
1069 3700 1158 3772 ipsine
1183 3701 1302 3758 Tnebrae

233 3789 336 3829 nomen
353 3790 421 3844 prae
440 3790 469 3829 se
487 3773 550 3842 fert,
570 3773 594 3828 si
612 3789 631 3828 a
646 3771 746 3843 paucis
759 3771 928 3841 quibusdam
947 3771 1114 3838 discesseris,
1133 3772 1213 3828 velut
1230 3789 1302 3842 quas

233 3844 367 3915 leguntur
390 3844 424 3899 de
448 3845 594 3900 sacerdote
617 3860 755 3914 caupone:
777 3842 850 3898 haec
873 3844 923 3898 aut
945 3841 1031 3900 sobrii
1055 3842 1153 3898 iudicii
1170 3842 1303 3898 librarius

233 3914 431 3986 praetermisit,
451 3917 501 3970 aut
515 3916 617 3971 Taeter.
630 3932 694 3970 cum
712 3915 878 3984 opusculum
898 3932 979 3970 sunm
997 3915 1165 3970 retraetaret
1183 3913 1303 3970 addidit.

188 4047 193 4058 ⁸
233 3986 349 4041 Proelus
367 3987 402 4041 de
421 3985 483 4042 vita
502 3990 531 4042 et
548 3986 718 4042 carminibus
735 3984 853 4042 Hesiodi
871 3983 943 4039 nihil
961 3987 1167 4040 commentatus
1185 3987 1255 4054 erat,
1273 3985 1303 4039 id

233 4055 326 4126 ipsum
345 4057 449 4112 Taetra
466 4075 495 4128 p.
515 4063 548 4111 10
567 4057 593 4112 ei
612 4057 761 4128 opprobrio
779 4055 879 4124 vert't,
910 4055 1009 4124 itaque
1026 4057 1059 4109 ut
1076 4055 1131 4110 hoc
1149 4055 1303 4125 suppleret,

234 4128 305 4184 haec
328 4127 488 4199 praemisit,
511 4127 625 4182 aliunde
649 4130 682 4182 ut
704 4127 777 4182 solet
793 4125 915 4193 furatus,
938 4141 1011 4194 quas
1029 4125 1148 4181 alicuius
1166 4125 1304 4181 momenti

234 4200 327 4254 sunt.“
364 4199 397 4255 V.
421 4199 510 4255 etiam
532 4199 550 4255 1.
573 4200 593 4252 l.
610 4217 638 4269 p.
658 4204 719 4254 648.
756 4197 820 4252 Lib.
844 4194 895 4250 Gr.
919 4197 941 4250 Ι.
964 4214 992 4266 p.
1016 4201 1068 4251 sle
1093 4198 1213 4266 atquae
1232 4196 1303 4252 scite

234 4269 363 4340 exposuit
381 4269 475 4326 Rose.
495 4270 611 4326 Aristot
630 4269 768 4338 Psendep.
786 4285 814 4338 p.
834 4270 886 4321 bot
905 4284 963 4336 seq.
