2902 4900
231 281 298 346 370
556 280 728 332 Ηυιοιον
746 279 810 331 εει
829 279 987 332 ουυεοτ

280 438 376 522 ἔξοχα
400 433 431 502 δ’
454 431 634 522 Ἀργείους,
658 437 694 502 οἳ
713 431 774 520 την
796 434 968 519 θεοτειχέα
996 438 1120 522 Τροίην

322 541 468 628 ἤρειψαν
491 537 614 627 ποινὴν
637 538 791 628 ἠϋκόμου
810 538 954 627 Ἑλένης.
1206 555 1211 562 ’

281 639 321 716 ού
344 647 443 736 χάριν
467 652 604 734 ἔστησεν
629 650 734 735 δῆμος
757 645 996 734 μεγαλόπτολις
1020 643 1124 714 αὐτόν

324 741 449 822 ἐνθάδε
472 755 528 822 καὶ
550 767 661 843 τιμαῖς
683 752 827 841 ἀμφέπει
851 752 1043 822 ἀθανάτων.

196 903 214 952 5
324 880 539 967 ένδιατρίψας
563 879 610 947 δὲ
647 884 686 968 τῇ
719 878 814 947 πόλει
842 878 969 966 χρόνον
1000 874 1076 945 τινά
1107 878 1309 945 διέπλευσεν

235 989 282 1066 είς
306 989 423 1073 Δῆλον
442 989 490 1066 εἰς
511 984 573 1073 τὴν
592 987 793 1074 πανήγυριν.
825 987 881 1054 καὶ
900 985 1036 1064 σταθεὶς
1055 984 1107 1051 ἐπὶ
1126 979 1187 1051 τὸν
1206 982 1307 1071 κερά-

233 1119 329 1162 τινον
352 1091 469 1180 βωμόν
492 1095 580 1179 λέγει
603 1092 716 1181 ὕμνου
739 1098 786 1173 είς
806 1091 1009 1176 Ἀπόλλωνα,
1034 1083 1075 1158 οὗ
1098 1087 1119 1177 ἡ
1143 1087 1244 1178 άρχή·

277 1217 448 1305 μνήσομαι
472 1217 552 1287 οὐδὲ
575 1216 732 1305 λάθωμαι
754 1216 964 1295 Ἀπόλλωνος
988 1213 1127 1283 ἑκάτοιο.

323 1342 487 1431 ῥηθέντος
511 1341 548 1410 δὲ
571 1344 632 1410 τοῦ
655 1340 819 1429 ύμνου,ο
801 1340 919 1428 οίμδν
933 1339 1050 1420 ’Ίωνες
1078 1343 1220 1425 πολίτην
1244 1336 1305 1406 αύ-

179 1417 293 1578 ξἒὲθτόν
317 1446 435 1516 κοινὸν
459 1447 671 1535 ἐποιήσαντο,
690 1445 814 1535 Δηλιοι
838 1446 875 1518 δὲ
898 1445 1086 1535 γράψαντες
1108 1444 1148 1513 τδι
1172 1449 1233 1531 ἔπη
1254 1449 1305 1525 είς
1327 1466 1363 1515 45

234 1555 387 1643 λεύκωμα
411 1553 583 1642 ἀνέθηκαν
607 1555 644 1622 ἐν
672 1580 717 1622 τω
745 1558 805 1641 τῆς
829 1552 1020 1644 Ἀρτέμιδος
1047 1555 1136 1646 ίερω.
1181 1556 1241 1638 τῆς
1267 1551 1305 1620 δε

232 1663 450 1750 πανηγύρεως
478 1667 653 1748 λυθείσης,
681 1623 702 1729 ό
723 1659 862 1747 ποιητός
889 1664 936 1740 είς
953 1657 1027 1727 ”Iov
1052 1664 1188 1727 ἔπλευσε
1220 1657 1307 1746 πρὸς

233 1768 445 1857 Κρεύφυλον
472 1766 568 1836 κάυεί
593 1767 718 1857 χρόνον
749 1770 909 1857 διέτριβε,
940 1767 1128 1856 πρεσβύτης
1155 1761 1203 1836 ὧν
1227 1763 1305 1854 ἤδη.

153 1925 162 1944 .
234 1876 286 1943 ἐπὶ
320 1874 357 1943 δὲ
389 1877 448 1961 τῆς
485 1873 659 1964 θαλάσσης
695 1873 909 1962 καθήμενος,
938 1878 1069 1942 παίδων
1102 1876 1207 1941 τινῶν
1244 1869 1303 1960 ἀφ’

180 2003 214 2052 15
233 1978 346 2061 άλείας
369 1981 568 2070 ἐρχομένων,
592 1979 637 2060 ὥς
660 2001 754 2068 φασι,
777 1979 981 2069 πυθόμενος,

300 2085 423 2171 άυδρες
454 2084 510 2154 ἀπ’
544 2085 718 2174 Ἀρκαδίης
745 2087 954 2177 θηρήτορες,
987 2079 1008 2174 ἦ
1041 2084 1072 2175 ῥ’
1109 2088 1227 2174 ἔχομέν
1254 2114 1305 2167 τι;

234 2192 400 2262 εἰπόντων
425 2192 456 2261 δ’
483 2197 634 2263 ἐκείνων·

301 2298 375 2368 όσσ’
393 2302 511 2389 ἕλομεν
535 2299 726 2388 λιπόμεσθ’,
744 2299 806 2370 ὅσα
828 2298 859 2368 δ’
878 2298 939 2388 ούχ
959 2301 1077 2387 έλομεν
1097 2297 1306 2388 φερόμεσθα,

235 2405 275 2476 ού
308 2407 434 2495 νοήσας
465 2406 502 2477 τὸ
535 2411 673 2495 λεχθέν,
705 2407 803 2497 ἤρετο
829 2404 951 2486 αύτούς
983 2403 1002 2474 ό
1030 2433 1061 2474 τι
1085 2408 1223 2492 λέγοιεν.
1271 2410 1308 2474 οί

180 2536 216 2586 20
236 2515 275 2582 δέ
306 2535 411 2602 φασιν
444 2515 481 2582 έν
514 2512 610 2606 άλείᾳ
641 2514 702 2602 μὲν
736 2512 897 2602 άγρεύσαι
927 2513 1050 2600 μηδέν,
1084 2514 1304 2601 ἐφθειρίσθαι

236 2622 282 2708 δέ,
304 2622 360 2688 καὶ
382 2625 451 2690 τῶν
474 2625 629 2707 φθειρῶν
654 2616 712 2700 οὓς
737 2625 858 2708 ἔλαβον
877 2627 1079 2706 καταλιπεῖν,
1104 2615 1163 2698 οὓς
1187 2618 1218 2686 δ’
1241 2618 1305 2688 ούιι

235 2733 357 2815 ἔλαβον
390 2731 427 2796 έν
463 2741 533 2808 τοῖς
568 2730 710 2815 ίματίοις
742 2728 867 2815 φέρειν.
913 2724 1142 2813 ἀναμνησθεὶς
1174 2725 1211 2794 δὲ
1241 2731 1305 2794 τοῦ

234 2841 409 2922 μαντείου,
438 2832 490 2902 ότι
518 2832 555 2902 τὸ
583 2836 677 2914 τέλος
704 2831 809 2903 αὐτοῦ
837 2831 913 2920 ἥκοι
940 2836 1001 2900 τού
1028 2838 1121 2918 βίου,
1148 2847 1240 2900 ποιεί
1264 2831 1305 2902 τὸ

234 2945 295 3009 τοῦ
326 2939 438 3028 τάφου
476 2937 583 3008 αὑτοῦ
624 2942 820 3029 ἐπίγραμμα.
871 2937 1058 3028 άναχωρῶν
1096 2938 1127 3006 δ’
1161 2940 1306 3028 ἐκεῖθεν,

178 3069 216 3118 25
236 3046 334 3142 όντος
356 3052 479 3134 πηλοῦ,
504 3045 655 3116 ὀλισθὼν
678 3048 733 3116 καὶ
756 3043 868 3115 πεσὼν
892 3047 945 3113 ἐπὶ
967 3044 1029 3132 τὴν
1052 3045 1211 3135 πλευράν,
1235 3073 1306 3134 τρι-

234 3169 343 3240 ταίος,
372 3153 417 3234 δός
445 3174 544 3241 φασι,
574 3157 720 3246 τελευτᾷ.
766 3155 822 3223 καὶ
855 3152 959 3241 ἐτάφη
994 3156 1031 3222 έν
1053 3153 1120 3244 Ἵω.
1167 3158 1236 3220 ἔστι
1266 3153 1307 3221 δὲ

233 3258 271 3328 τό
297 3261 485 3349 ἐπίγραμμα
508 3260 600 3329 τόδε·

279 3383 406 3452 ε’νθάδε
424 3382 486 3471 τὴν
510 3381 603 3473 ἱερὴν
626 3385 778 3473 κεφαλὴν
801 3384 883 3453 κατὰ
903 3398 986 3472 ,γαῖα
1008 3383 1176 3470 καλύπτει,

280 3490 417 3581 άνδρῶν
440 3489 564 3579 ἡράων
586 3492 785 3582 κοσμήτορα,
809 3501 906 3560 θείου
921 3489 1080 3580 Ὅμηρον.

307 3688 341 3744 V.
361 3695 386 3746 2.
414 3684 554 3775 ποινὴν]
573 3689 595 3743 F
613 3691 724 3758 ποινῆς.
745 3705 813 3745 corr.
833 3688 928 3744 Barn

306 3760 340 3817 V.
360 3766 386 3818 3.
415 3756 721 3848 μεγαλόπτολιςμἸ
750 3755 943 3846 μεγαλόπολις.
971 3775 1040 3815 corr.
1062 3758 1088 3813 S.

307 3831 340 3888 V.
361 3837 402 3885 1³.
431 3829 656 3919 Κρεύφυλον]
676 3832 698 3886 F
717 3827 884 3918 κρεόιρυλον.
905 3845 972 3887 corr.
993 3829 1194 3912 Stephanus.

306 3901 341 3956 V.
361 3908 404 3957 15.
433 3897 566 3992 αλείας]
587 3903 632 3958 Sic
651 3902 770 3958 etinfra
788 3897 919 3976 άλείᾳδ.
948 3899 1074 3959 GoettL
1093 3918 1108 3956 ο
1132 3901 1203 3957 coni.
1223 3900 1309 3957 Bar·

236 3973 326 4030 nesii
343 3968 451 4036 ἁλιείας
470 3977 500 4030 et
518 3970 618 4050 άλιείμ.

307 4045 341 4100 V.
371 4049 412 4101 18.
437 4031 647 4132 λιπόμεόθᾏ
676 4039 738 4101 ὅσα
766 4040 813 4116 δ’]
842 4044 863 4098 F
896 4039 1105 4116 λιιιόμεσθα“
1090 4065 1129 4108 ος.
1176 4043 1310 4102 Goettl.

235 4111 322 4185 λιπόμ
324 4119 411 4185 εσθα,
435 4109 491 4172 ὅτ’.
511 4133 579 4173 corr.
599 4118 706 4172 Νἱοιτ.

307 4187 403 4244 V..23
440 4182 530 4258 ηκοι]
551 4187 646 4246 S1cF
680 4179 896 4256 θοοδλλῆκει.
