2958 4896
515 321 633 374 smus
651 319 890 374 seruusorr.
1171 319 1233 386 163

166 472 227 558 [ὥς
250 472 281 541 δ’
309 471 354 543 ὅτ’
379 471 434 561 ἀφ’
459 471 590 562 ὑψηλῆς
612 477 764 562 κορυφής
787 472 884 562 όρεος
907 473 1065 562 μεγάλοιο

164 582 282 670 πέτραι
304 579 587 668 ἄνοδρόσκωσιν,
611 578 656 648 ἐντ’
682 578 842 667 ἀλλήλαις
865 581 903 650 δὲ
925 585 1061 670 ιιέσωσι,
1181 601 1233 650 373

164 688 286 756 πολλαὶ
311 685 348 754 δὲ
371 689 455 773 δρῦς
476 684 648 774 ὑψίκομοι,
672 689 791 755 πολλαὶ
816 689 856 756 δέ
876 714 910 757 τε
933 693 1052 756 πεῦκαι

166 798 313 881 αἴγειροί
331 818 367 860 τε
389 792 582 880 τανύρριζοι
606 792 792 881 ῥήγνυνται
816 790 873 861 ὑπ’
900 793 1012 864 αὐτῶν

167 903 275 988 ῥίμφα
297 899 565 986 κυλινδομένων,
588 893 657 979 εἷος
678 898 833 970 πεδίονδ’
858 898 1057 987 ἀφίκωνται,

167 1003 213 1086 ὣς
237 1009 272 1075 ol?
292 1003 339 1074 ἐν’
364 1003 539 1093 ἀλλήλοισι
562 1006 666 1075 κτίσον
689 1009 773 1093 μέγα
795 1005 1033 1093 κεκλήγοντες]

167 1116 257 1180 πᾶσα
276 1111 314 1180 δὲ
332 1111 570 1200 Μυρμιδόνων
588 1138 624 1180 τε
642 1111 737 1192 πόλις
754 1112 866 1198 κλειτή
885 1111 909 1181 τ’
928 1110 1091 1199 Ἰαωλκός,
1180 1132 1235 1183 380

168 1307 262 1394 spurio
292 1308 409 1378 hebere,
436 1309 469 1361 ut
495 1307 642 1378 proposuit
664 1307 733 1363 Pel.
772 1307 812 1363 cf.
835 1323 862 1362 v.
886 1313 947 1362 348.
972 1337 1005 1348 -
1030 1307 1122 1362 Anser
1147 1307 1234 1378 vulgo

168 1377 397 1449 υτοσευομένων.
433 1378 489 1433 Pro
507 1373 570 1433 πότ’
590 1378 643 1435 Pr.
663 1379 723 1434 Me.
741 1373 817 1434 ueo’.

238 1449 272 1506 V.
292 1454 353 1504 375.
390 1443 676 1520 ἆτοδρόσκωσιν]
700 1444 937 1518 ἀναθρώσκουσα
961 1449 1020 1503 Me.
1044 1454 1070 1503 3.
1099 1443 1236 1518 ἀποθρώ-

168 1537 286 1575 σκουσαι
305 1514 348 1575 ἐπ’
368 1514 513 1589 ἀλλήλαισι
531 1519 592 1576 τέο.
612 1521 670 1575 Vl.

240 1590 354 1648 [376.
390 1590 562 1646 τολλολΙίΙ.

240 1661 274 1716 V.
292 1667 353 1718 318.
391 1661 633 1733 κυλινδουμένων,
662 1659 714 1724 ἕως
736 1656 852 1717 τέδονδ
878 1661 940 1717 Me.
976 1660 1080 1716 Versus
1105 1661 1185 1716 deest
1206 1660 1237 1716 in

167 1732 227 1857 lli&
251 1733 324 1801 vit,
356 1733 458 1788 sedin
480 1733 540 1789 Me.
563 1732 594 1787 in
617 1750 653 1786 m.
677 1734 776 1802 postea
804 1731 925 1787 additus.
953 1732 1010 1788 Vl.
1048 1731 1101 1795 ἕως
1130 1761 1164 1773 -—
1186 1750 1236 1788 ειε-

167 1799 270 1858 δονᾶ
296 1845 302 1860 .

241 1824 354 1931 ἱφῧλθ.
392 1869 560 1962 κεκληγότες
578 1873 648 1942 Me,
667 1873 842 1942 αεκλήγῶτες
860 1875 920 1929 Μ3.

240 1945 274 2001 V.
293 1952 355 2002 380.
392 1965 426 2000 τε
445 1945 556 2015 τιολις]
576 1961 605 1999 τε
627 1961 680 2000 om.
699 1944 756 1999 Vi.
776 1939 1039 2007 -’1α,ΡωλκόςΙ’1.

167 2121 248 2192 XIII,
278 2129 329 2177 137
358 2123 388 2178 et
409 2123 494 2191 Verg.
517 2122 588 2177 Aen.
611 2121 673 2191 XII,
725 2122 789 2178 loeo
808 2124 964 2178 memorate
987 2121 1092 2192 oppida
1114 2123 1236 2178 Theste-

169 2199 235 2262 634,
254 2210 319 2250 eum
336 2212 362 2250 v.
382 2198 522 2248 313-319
542 2210 599 2249 non
617 2193 673 2248 duo
726 2193 783 2248 lise
814 2193 900 2248 tuisse
932 2193 1082 2248 dicendum
1114 2196 1170 2260 est,
1203 2195 1236 2248 ut

168 2266 265 2319 hostes
279 2281 382 2336 magno
397 2263 520 2318 elamore
534 2263 564 2317 in
583 2280 613 2318 se
631 2262 673 2318 in-
726 2265 804 2319 heud
845 2261 929 2318 dubie
974 2263 1138 2318 Thessaliae
1179 2263 1236 2318 fuit

168 2335 260 2390 vicem
298 2335 436 2391 irruentes
469 2333 673 2391 describantur.
727 2331 921 2403 Μυρμιδόνων
934 2329 1016 2396 πόλις
1029 2333 1140 2401 Phthie,
1156 2334 1235 2389 Pelei

168 2406 319 2461 Praeterea
345 2406 421 2460 idem
445 2421 558 2475 pugnes
583 2407 673 2460 stetus
727 2406 820 2476 regie,
847 2421 921 2475 ques
943 2400 1137 2474 Μυρμιδόνων
1162 2399 1235 2458 ἄστυ

169 2477 256 2532 etiem
284 2495 310 2532 v.
342 2481 485 2531 eoo-412
517 2476 673 2545 exponitur.
727 2475 831 2532 dieitur
849 2475 899 2532 Od.
924 2475 976 2542 ΙΙΙ,
1000 2481 1031 2542 9;
1058 2473 1128 2529 item
1144 2469 1234 2529 Ἰαωλ-

169 2547 211 2604 cf.
235 2547 330 2603 ednob
353 2547 478 2603 Wolfii
504 2547 540 2602 ed
562 2565 589 2602 v.
609 2551 675 2602 405:
728 2544 779 2610 κός
793 2546 880 2603 etiem
896 2541 1006 2607 Ἰωλκός
1020 2547 1050 2599 et
1065 2540 1174 2613 Ἰωλγός
1191 2545 1235 2598 di-

169 2618 243 2687 „Sed
254 2618 447 2674 eiusdemfere
456 2618 498 2672 rei
510 2618 675 2673 oeusssiem
728 2621 787 2685 ειυς
807 2633 925 2686 eumque
938 2612 1019 2685 ’Ἄρνη
1037 2619 1097 2671 tam
1115 2616 1235 2670 Thessa-

168 2690 235 2743 ente
265 2689 351 2744 eliam
379 2689 593 2744 similitudinem
620 2688 675 2742 dis·
728 2688 785 2743 liee
803 2689 972 2743 memoretur
994 2686 1130 2756 oppidum
1149 2702 1235 2755 quem

168 2759 346 2830 perdiderst3
365 2763 395 2815 et
409 2759 485 2830 quod
497 2759 526 2813 h.
541 2760 560 2814 1.
579 2761 675 2814 nostro
729 2759 861 2814 Boeotiae
893 2757 959 2826 (vid.
983 2756 1078 2828 Steph.
1105 2758 1140 2812 de
1167 2757 1234 2814 Urb.

169 2833 214 2885 est
241 2824 278 2893 ric
306 2828 336 2885 οἱ
357 2826 542 2899 κεκλήγοντες
565 2824 609 2884 ἐπ’
629 2825 676 2883 ελλ-
728 2831 758 2884 in
776 2829 815 2898 ΙΙ,
840 2829 942 2884 Strabo
965 2828 1005 2882 IX
1022 2847 1049 2899 p.
1069 2834 1122 2883 630
1133 2827 1162 2884 O.
1182 2834 1234 2882 633

169 2898 295 2970 λήλοισιν
322 2897 461 2970 ὄρουσαν,
489 2917 540 2970 pro
604 2899 677 2955 nihil
729 2901 772 2971 Β),
791 2900 890 2956 deills
911 2900 1006 2971 potius
1029 2917 1114 2970 quem
1131 2900 1166 2953 de
1180 2899 1234 2953 beo

169 2972 311 3042 discrepet
325 2974 361 3027 ab
378 2973 441 3028 istis
460 2965 533 3034 δςο
564 2966 607 3025 ἐπ’
628 2967 676 3026 ἀλ·
730 2971 913 3042 eogitendum
931 2973 982 3027 est.
1019 2971 1118 3039 Neque
1136 2969 1234 3026 Helice

170 3039 385 3112 λήλοισιπὲσον,
404 3042 477 3115 μέγα
491 3038 677 3112 κεκλήγοντες
730 3043 777 3096 hio
819 3042 1010 3112 intellegentie
1050 3039 1237 3111 Peloponnesi

170 3116 250 3169 379.“
730 3115 805 3181 urbs,
820 3113 934 3167 biennio
949 3114 1014 3166 ente
1027 3127 1154 3182 pugnem
1163 3111 1235 3166 Leu-

207 3184 310 3240 usu.
333 3182 539 3270 ρήγνννται]
555 3183 677 3239 Coniun—
731 3184 847 3239 otrioem
870 3184 999 3238 fluetibus
1018 3183 1162 3252 absorpta,
1186 3182 1236 3237 sed

172 3255 279 3312 otivum
298 3272 358 3310 esse
376 3271 427 3326 pro
446 3253 624 3341 ρήγνοωντιιι
644 3271 678 3309 ex
732 3253 1236 3324 Thessaliseoppidum,iudieeetiem

170 3326 235 3383 eliis
255 3326 440 3381 coniunctivis
458 3321 677 3394 assessionem,
732 3326 868 3382 Strabone
886 3325 952 3379 Vlll
969 3343 997 3394 p.
1012 3323 1107 3393 5900,
1126 3325 1176 3379 ubi
1193 3326 1236 3379 te·

169 3396 275 3453 πέσωσι
308 3397 438 3451 concludi
476 3397 579 3467 potest.
636 3395 676 3453 cf.
731 3400 803 3452 stem
821 3395 1105 3462 iuvoeetHesiodum‚
1120 3395 1237 3450 Soutum

170 3467 212 3524 Hi
242 3484 315 3537 pon.
343 3467 376 3524 fr.
404 3473 451 3536 19,
476 3473 494 3522 4
516 3467 548 3522 B.
578 3466 676 3536 Odyss.
732 3467 860 3523 Herculis
883 3468 980 3536 aperte
1003 3466 1166 3534 respiciens,
1189 3465 1236 3519 vel

170 3485 279 3605 XXiV,
315 3544 349 3593 83
382 3541 412 3592 et
444 3555 516 3608 quse
550 3538 680 3607 exposuit
732 3539 760 3594 h.
779 3539 797 3594 l.
817 3539 863 3592 vel
881 3537 955 3592 infre
972 3555 998 3590 v.
1018 3541 1079 3603 475,
1098 3536 1147 3618 ubi
1160 3537 1236 3618 Arne

171 3610 296 3666 Resoh.
314 3609 438 3665 Dielslrt.
456 3626 485 3678 p.
504 3614 556 3663 458
576 3625 633 3678 seq.
733 3613 762 3665 et
779 3609 878 3664 Hslioe
901 3609 1093 3662 memorentur
1114 3624 1145 3659 m
1167 3623 1237 3661 vror-

205 3680 240 3734 V.
251 3685 312 3736 378.
348 3679 529 3734 Nouiniuris
542 3681 576 3737 Δ.
590 3680 679 3734 Neu·
731 3681 780 3735 nis
794 3679 942 3734 Trechinis
956 3678 1036 3732 sites.
1065 3677 1125 3730 Neo
1142 3676 1236 3746 proin·

171 3751 274 3805 olrius
296 3750 326 3806 in
349 3751 481 3806 Bulletin.
505 3751 592 3806 Aoed.
617 3751 677 3807 Pet.
732 3750 967 3815 detestandum,
977 3747 1046 3818 quin
1054 3747 1141 3802 fuerit
1150 3747 1237 3802 etiem

170 3821 210 3875 Vl
227 3839 255 3891 p.
276 3825 310 3874 18
329 3821 417 3876 etiem
435 3821 491 3889 hio,
511 3823 543 3876 ut
560 3822 591 3876 in
608 3823 678 3877 loeis
732 3821 898 3877 Thessaliae
925 3820 992 3875 urbs
1015 3819 1154 3887 quaedem
1179 3820 1237 3872 An·

170 3891 340 3961 Homericis,
365 3890 423 3955 εἷος
446 3910 497 3962 pro
516 3893 582 3955 εἵως
599 3893 678 3948 resti·
731 3894 807 3959 thee,
827 3892 902 3960 quod
920 3907 1036 3958 nomen,
1060 3892 1093 3944 ut
1110 3889 1238 3959 pluribus

170 3964 305 4018 tuendum
324 3980 385 4018 esse
403 3964 521 4019 monuit.
730 3963 847 4018 urbibus
870 3963 907 4018 ob
930 3961 1051 4016 similem
1074 3961 1129 4016 loei
1154 3963 1238 4014 netu-

206 4035 239 4090 V.
255 4039 316 4090 380.
344 4031 677 4103 πᾶσα-Μορμιδό-
730 4051 792 4089 rsm
825 4033 1007 4101 conveniens,
1040 4032 1082 4086 ite
1107 4031 1236 4102 pluribus

171 4123 237 4159 νων
261 4138 293 4148 -
318 4100 436 4176 πόλις]
470 4105 532 4173 „Ut
561 4105 603 4160 rei
630 4105 677 4160 hie
731 4105 818 4160 etism
840 4103 962 4158 inditum
986 4103 1067 4157 suite
1106 4104 1237 4157 Lenue-

171 4178 300 4231 nmmtse
320 4193 376 4231 nou
395 4176 504 4245 aliquid
522 4175 610 4230 etiem
628 4177 677 4230 ed·
729 4177 817 4245 pius.
868 4175 985 4230 Secutus
1013 4176 1058 4228 est
1088 4173 1236 4228 Peleius.

170 4241 273 4302 ioietur
299 4248 338 4301 ed
361 4247 523 4317 prodigium
547 4247 602 4314 (est
625 4264 677 4316 per
730 4245 902 4302 Ceterumof.
913 4245 1001 4300 schol.
1009 4239 1233 4300 Mourilvttesu·

170 4333 200 4373 se
218 4318 379 4389 prodigium
397 4319 488 4386 setis),
507 4317 603 4373 omnis
622 4317 676 4373 hoo
729 4313 810 4380 πόλις
830 4317 994 4378 Θεσσαλίας.

973 4401 1027 4458 11*
