2938 4892
559 277 653 330 neri
671 277 736 328 ns1
752 277 905 330 ensem.
1201 275 1266 340 263

192 429 354 512 Ἑλλάδος
377 432 410 512 ἐξ
434 433 525 518 ίερής
552 435 678 520 Τροίην
701 431 734 510 ἐς
755 429 1006 516 καλλιγύναικα.

198 542 285 605 ἔνθα
309 535 341 605 δ’
367 535 453 624 ἐγὼν
478 533 528 604 ἐπ’
554 535 662 606 ἄεθλα
686 538 874 623 δαΐφρονος
893 533 1164 624 Ἀμφιδάμαντος

194 645 347 711 Χαλκίδα
366 639 396 711 τ’
418 645 622 732 είςεπέρησα·
640 641 680 712 τὰ
701 641 739 710 δὲ
757 643 1043 730 προπεφραδμένα
1060 641 1167 712 πολλὰ
1212 661 1266 712 ooo

195 741 276 817 doe’
303 752 428 816 ἔθεσαν
451 751 567 828 παῖδες
590 746 826 836 μεγαλήτορες·
849 753 937 816 ἔνθα
959 750 1003 836 μέ
1023 775 1111 836 φημι

193 853 291 945 ὕμνῳ
314 852 499 940 νικήσαντα
522 856 640 942 φέρειν
662 850 794 943 τρίποδ’
821 849 985 923 ὠτώεντα.

193 957 256 1029 τὸν
280 960 342 1048 μὲν
365 956 430 1046 ἐγὼ
452 958 612 1040 Μούσαις
630 956 904 1028 ‘aerumnosae'
930 956 1098 1047 ἀνέθηκα,

266 1137 299 1191 V.
320 1143 380 1192 655.
417 1137 644 1206 προπεφασμὲνα
657 1135 752 1192 Viteb.
767 1136 904 1206 probante
922 1137 1032 1192 Herm.
1052 1137 1137 1207 Orph.
1155 1156 1183 1208 p.
1204 1144 1265 1193 ⁷5⁷.

196 1208 269 1278 Aug.
288 1207 485 1277 πεφραδμὲνα.
505 1237 539 1248 -
558 1203 647 1262 πολλοὶ
666 1223 720 1262 om.
739 1206 801 1262 Par.
821 1207 925 1262 eodm.
944 1207 971 1262 II
989 1207 1053 1264 add.
1074 1210 1124 1263 est.

259 1279 300 1346 ¹V.
319 1285 380 1333 656.
417 1273 605 1348 μεγαλήτορος
627 1278 687 1334 Mo.
710 1279 772 1334 Par.
796 1278 879 1333 Mese.
903 1279 943 1348 (et
961 1279 1024 1334 Par.
1045 1281 1081 1348 2.)
1106 1277 1167 1336 Gel.
1187 1281 1265 1348 (oum

196 1349 291 1420 glossa
310 1347 340 1404 οἷ
355 1346 413 1404 odoi
433 1349 484 1403 τοῦ
504 1343 627 1419 μεγάλου
644 1344 668 1403 Ἀ
713 1344 879 1419 ιδοὶμαντος)
898 1349 934 1404 al.

267 1421 300 1475 V.
320 1426 380 1476 668.
417 1415 587 1492 Μούσαις]
608 1419 654 1475 sic
708 1423 732 1473 5.
752 1419 858 1488 aliique
876 1419 960 1491 longe
978 1419 1101 1490 plurimi.
1129 1414 1263 1492 Moiopo'

194 1491 287 1562 pauci,
305 1493 338 1546 ut
355 1491 427 1558 Pan,
449 1507 513 1546 oum
531 1492 563 1545 A.
601 1491 679 1546 Unus
697 1486 823 1561 Μούσῃς.

193 1648 287 1775 ἔρῃ.
299 1665 330 1774 ee.
341 1650 608 1775 sexsiemeniis’
627 1649 704 1775 διὲμοι
759 1650 811 1718 eis,
836 1665 911 1775 {luae
934 1651 1000 1720 post
1021 1650 1056 1704 de
1083 1650 1195 1721 tripode
1222 1668 1266 1708 se-

241 1738 334 1775 s1nr
450 1738 687 1775 mesi
777 1739 889 1775 uun.

194 1790 308 1860 saepius
321 1807 381 1846 rem
394 1737 551 1861 ipsamppro
560 1789 603 1846 rei
612 1807 702 1846 essse·
757 1739 776 1790 q
794 1791 827 1848 V.
847 1796 908 1847 657.
944 1790 1050 1846 Mirum
1062 1793 1106 1846 est
1119 1792 1195 1861 quod
1204 1809 1264 1848 mo-

194 1861 272 1917 tione
298 1861 427 1932 usurpari
455 1863 484 1916 et
505 1879 557 1931 per
579 1879 607 1917 se
634 1863 702 1916 satis
755 1864 838 1917 netur
857 1879 874 1916 a
891 1862 1027 1930 Proolo,
1051 1862 1171 1918 seribere
1191 1863 1264 1918 alios

194 1934 323 2002 apertum
334 1935 364 1987 et
377 1932 513 2002 exemplis
528 1932 702 1988 declaratum
756 1927 836 2006 ὕμνῳ
850 1928 994 2002 νικήσαντ’
1006 1928 1037 1988 ἐν
1047 1935 1168 1989 Χαλκίδι
1179 1937 1265 1989 θεῖον

195 2004 239 2059 est
257 2021 275 2058 a
293 2002 479 2058 Schaefero
498 2004 535 2058 ad
553 2002 637 2074 Soph.
657 2003 701 2058 Ai.
749 1997 880 2074 Ὅμηρον.
927 2005 972 2058 Ite
994 2004 1069 2058 enim
1094 2004 1118 2058 si
1147 2004 1202 2060 seri
1222 2021 1262 2060 se-

194 2080 256 2129 647.
276 2073 412 2128 Similiter
427 2074 541 2144 Eurip.
557 2074 621 2131 Tro.
641 2080 704 2130 128.
757 2076 837 2144 runt,
859 2075 978 2130 ridicule
997 2075 1169 2130 estdiotum
1203 2078 1263 2130 νδα

231 2145 264 2200 V.
275 2151 336 2200 653.
365 2141 528 2207 Ἑλλάδος
543 2140 577 2210 ἐξ
594 2143 702 2216 ίερής]
757 2145 792 2215 μέ
812 2165 885 2216 φημι
905 2141 937 2200 ἐν
955 2147 1085 2214 Χαλκίδι,
1104 2163 1170 2201 nam
1190 2144 1265 2201 ἔνθα

195 2216 235 2271 ef.
255 2216 439 2272 animadvers.
462 2215 500 2270 ad
518 2235 545 2270 v.
564 2222 625 2271 528.
661 2215 703 2270 De
758 2219 802 2270 est
821 2212 852 2270 ἐν
870 2217 992 2270 Χαλκίδι
1010 2218 1050 2284 (et
1068 2216 1107 2270 sio
1125 2216 1266 2271 intellexit

194 2289 306 2343 vetusta
333 2287 410 2342 vocis
434 2281 510 2356 ἱερὸς
536 2286 650 2341 notione
669 2312 703 2332 =
759 2287 903 2355 Proetus),
930 2285 1031 2341 deinde
1060 2287 1134 2341 male
1162 2287 1266 2342 dicitur

193 2358 341 2427 meing,
359 2374 440 2446 rege
459 2375 485 2412 v.
501 2355 589 2412 θοαί.
603 2375 631 2427 p.
643 2363 702 2413 372.
761 2354 837 2411 ἔνθα
864 2355 900 2426 μέ
928 2377 1002 2428 φημι
1029 2352 1186 2424 νικήσαντα
1213 2375 1265 2426 pro

231 2428 265 2482 V.
298 2434 358 2484 654.
415 2423 702 2512 Αμφιδοὶμαντος]
759 2425 834 2482 ἔνθα
853 2427 887 2498 μὲ
907 2447 982 2497 φημι
999 2427 1126 2496 νικήσαιι
1145 2428 1266 2498 denique

193 2499 405 2569 Amphidamas,
415 2498 702 2568 rexGhanrdensium‚
756 2497 903 2569 perinepte
926 2497 1039 2552 additur
1061 2493 1112 2552 τὸν
1138 2497 1190 2568 μέν
1215 2503 1265 2567 (sc.

195 2587 260 2625 eum
282 2570 313 2624 in
339 2570 415 2625 bello
442 2571 539 2624 eontra
561 2570 701 2625 Eretrien·
755 2571 899 2638 rotrodo).
935 2568 1027 2634 Quare
1046 2568 1183 2625 erravisse
1196 2570 1265 2624 Pro-

194 2657 239 2696 ses
262 2643 376 2711 propter
399 2640 548 2695 Lelantum
571 2657 702 2710 eampum
756 2639 832 2694 olum
841 2641 922 2710 patet
930 2639 1100 2695 scribentem
1110 2657 1171 2695 esse
1185 2656 1265 2709 quos-

195 2711 257 2781 (qui
274 2712 311 2766 ad
329 2711 445 2766 fluvium
460 2711 608 2766 Lelantum
623 2713 701 2781 situs,
755 2711 835 2782 dam,
859 2709 908 2780 qui
930 2727 981 2780 pro
1009 2705 1089 2784 ὕμνῳ
1107 2707 1264 2780 νικήσαντα

193 2802 221 2837 v.
240 2782 328 2837 Plin.
347 2783 382 2836 H.
400 2783 435 2838 N.
455 2782 502 2850 IV,
522 2788 563 2851 12,
583 2800 601 2837 a
619 2782 701 2837 Chal·
756 2781 856 2852 φέρειν
874 2775 982 2851 τρίποδ’
1008 2776 1139 2836 ὠτώεντα
1163 2780 1265 2836 seribe-

195 2853 257 2908 eide
272 2853 491 2923 septentrionem
500 2869 596 2918 versus
606 2855 701 2908 exten·
755 2855 819 2908 rent
836 2847 916 2939 ὕμνῳ
930 2847 1074 2922 νικήσαντ’
1096 2848 1128 2908 ἐν
1142 2854 1264 2907 Χαλκίδι

194 2923 282 2994 ditur)
305 2925 434 2993 suscepto
453 2923 615 2992 cecidisset,
643 2924 704 2978 ludi
757 2927 842 2978 δεῖον
867 2926 990 2994 Ομηρον.
1026 2923 1182 2979 Dioendum
1205 2925 1266 2978 erat

193 2995 325 3050 funebres
340 3012 357 3050 a
370 2993 436 3049 filiis
448 2994 507 3049 eius
521 2994 551 3048 in
568 2996 703 3051 honorem
757 2995 832 3048 enim
850 2994 953 3049 eddere
967 2995 1104 3064 quosdam
1122 2996 1187 3064 post
1204 3011 1265 3049 ver-

193 3064 284 3137 patris
301 3064 425 3121 instituti
443 3067 509 3120 sunt
526 3067 612 3134 atque
629 3066 704 3121 inter
757 3083 819 3120 sum
834 3071 887 3120 65⁷
906 3065 1027 3120 alterum
1041 3082 1165 3121 versum:
1183 3058 1274 3138 ripen,

194 3153 243 3192 eos
257 3137 344 3192 etiam
358 3139 500 3191 certamen
518 3137 656 3192 musicum
675 3141 704 3192 et
756 3130 901 3204 νικήσαντ’
914 3131 945 3190 iv
958 3138 1080 3191 Χαλκίδι
1088 3140 1172 3192 θεῖον
1180 3130 1264 3206 Ὅμη-

194 3209 350 3278 poeticum,
373 3224 429 3277 quo
446 3205 583 3262 victorem
601 3209 704 3264 disces·
757 3225 820 3275 ρον,
839 3207 968 3277 repetitis
986 3224 1037 3278 per
1055 3224 1070 3263 e
1090 3208 1265 3278 anaphoram

194 3278 264 3332 sisse
281 3278 436 3334 Hesiodum
461 3278 485 3333 is
508 3279 630 3346 monuit,
654 3279 704 3348 qui
756 3273 837 3350 ὕμνῳ
860 3274 1025 3347 νικήσαντα.
1089 3294 1103 3333 e
1127 3295 1265 3349 qua-epa-

194 3351 246 3404 hos
269 3366 366 3404 versus
389 3349 464 3404 feeit.
512 3348 554 3404 De
581 3351 702 3405 Lelanto
754 3349 1263 3420 naphorav.animadvers.adTheog.
1327 3357 1332 3366 ’

194 3435 295 3489 eampo
310 3420 345 3474 de
358 3420 488 3489 belloque
500 3418 702 3475 Eretriensium
755 3425 808 3474 408
824 3419 906 3490 Oper.
922 3427 947 3475 3.
983 3420 1047 3476 Nisi
1060 3421 1091 3474 in
1104 3419 1198 3476 animo
1212 3420 1262 3476 ha·

194 3494 225 3546 et
239 3490 465 3547 Chalcidensium
478 3509 505 3545 v.
520 3490 550 3545 G.
563 3490 612 3547 Vr.
621 3491 701 3546 Her·
755 3490 818 3546 buit
836 3507 900 3544 eum
913 3508 1023 3546 versum
1037 3491 1162 3557 Proetus,
1180 3508 1264 3560 quem

194 3579 374 3617 mannum
408 3561 438 3616 in
465 3561 535 3616 Mus.
563 3561 652 3618 Rheu.
680 3563 702 3616 I.
755 3561 929 3630 inscripsisse
938 3561 1043 3630 tripodi
1052 3560 1206 3616 Hesiodum
1222 3561 1264 3616 di-

194 3651 223 3703 p.
242 3638 286 3689 84.
757 3630 1265 3688 eitauotorCertamiuisHesiodi

230 3703 264 3758 V.
284 3708 344 3759 655.
390 3701 700 3774 προπεφραδμένα]
756 3704 786 3757 et
813 3702 940 3757 Homeri:
979 3697 1107 3765 Ἡσίοδος
1133 3697 1265 3766 Μούσαις

196 3773 342 3844 Correptio
369 3773 467 3830 Attica
494 3777 536 3828 est
566 3773 703 3829 indicium
752 3768 911 3828 Ἑλικωνίσι
924 3768 1002 3828 τόνδ’
1017 3767 1264 3844 ἄνέδηκεν”Ῥιννῳ

196 3845 308 3900 serioris
322 3845 433 3900 aetatis.
471 3843 512 3900 cf.
533 3844 703 3914 Spituner.
758 3839 877 3912 νικήσας
896 3839 927 3899 ἐν
946 3846 1067 3899 Χαλκίδι
1081 3849 1165 3899 θεῖον
1178 3838 1264 3915 Ὅμη-

196 3916 232 3970 de
250 3933 321 3970 vers.
340 3916 399 3972 her.
418 3934 444 3985 p.
465 3921 508 3971 96.
760 3915 922 3982 ooaouod
937 3914 1110 3985 epigramma
1124 3931 1181 3970 non
1193 3915 1266 3986 legit

231 3986 265 4042 V.
294 3992 355 4042 666.
401 3985 613 4040 Hermannus
645 4002 704 4040 mo·
759 3985 901 4040 Pausan.
921 3986 959 4039 IX
997 3992 1045 4056 31,
1068 3993 1098 4040 3:
1123 3981 1264 4041 ἒνδλτῶ

197 4057 269 4125 nuit,
287 4056 378 4112 videri
391 4057 466 4110 huno
480 4071 589 4110 versum
608 4057 644 4112 ab
663 4057 705 4111 iu·
755 4050 886 4110 Ἑλικῶνι
896 4057 945 4110 καί
959 4027 1039 4112 ὕλλοι
1050 4057 1180 4128 τρίποδες
1189 4040 1264 4111 κεῖν’-

198 4129 373 4197 terpolatore
396 4127 549 4196 mutatum,
577 4144 641 4181 oum
668 4127 704 4181 ab
759 4145 807 4180 ται
820 4126 869 4181 καλ
882 4122 1076 4198 ἀρχαιότατος,
1095 4121 1130 4181 δν
1145 4122 1177 4181 ἒν
1190 4131 1264 4180 Χαλ-
1291 4130 1293 4136 ’

196 4196 278 4253 initio
290 4199 427 4268 seriptum
442 4199 527 4251 esset:
542 4199 644 4260 παῖδες
657 4217 706 4269 με·
759 4199 819 4251 κίδι
841 4199 940 4286 λαβεῖν
962 4199 996 4268 τῇ
1021 4193 1063 4252 ἐπ’
1084 4191 1200 4270 Εὕρίκῳ
1219 4196 1264 4251 λέ-

199 4265 354 4338 γαλήτορος
378 4262 617 4338 Ἀμφιδάμαντος,
644 4269 705 4323 sine
759 4286 858 4338 γονσιν
879 4270 1003 4323 Ησίοδον
1020 4263 1176 4336 νικήσαντα
1195 4261 1264 4341 ᾠδῇ.
