2904 4900
629 351 737 404 ιοαα.
1157 356 1219 420 357

144 503 347 594 Ἀμφιφόνει
370 507 426 573 καὶ
450 505 654 594 Γανόκτορι,
684 520 754 586 τοῖς
781 510 918 594 Φηγέως
940 514 1073 593 παισίν,
1095 506 1219 596 ιἰγνοή-

149 634 210 693 σας
240 612 278 681 τὸ
313 627 481 700 μαντείαν.
532 609 549 680 δ
583 611 647 702 γδιρ
677 613 780 693 τόπος
817 606 915 695 οὗτος
947 613 1034 695 ἅπας
1071 617 1218 684 ἐκαλεῖτο

90 741 147 788 323
155 719 241 799 Διὸς
263 725 413 807 Νεμείου
436 718 539 807 ίερόν.
580 722 753 808 διατριβῆς
776 719 806 786 δ’
832 720 922 813 αὐτῷ
945 728 1100 802 πλείονος
1122 749 1218 808 γενο-
1237 747 1273 796 εκ

148 829 251 914 μένης
278 829 315 895 ἐν
342 842 412 906 τοίς
441 832 674 911 Οίυεωυείσιν,
705 824 958 913 ὑπονοήσαντες
986 831 1021 895 οί
1046 835 1219 897 νεανίσκοι

110 955 127 1003 5
148 933 211 1021 τήν
234 930 387 1019 ιἰδελφήν
411 930 523 1000 αὐτῶν
543 931 714 1019 μοιχεύειν
732 931 793 1000 τὸν
811 930 984 1019 Ἡσίοδον,
1004 933 1219 1003 ἀποκτείναν-

147 1066 200 1120 τες
224 1045 271 1120 είς
293 1037 331 1108 τὸ
352 1035 474 1125 μεταξὺ
491 1040 550 1124 τῆς
569 1035 718 1124 Εὐβοίας
738 1041 795 1107 καλ
817 1044 876 1126 τής
890 1044 1057 1129 Λοκρίδος
1075 1044 1220 1127 πέλαγος

147 1145 399 1214 κατεπόντισαν.
444 1148 505 1212 τοῦ
540 1143 577 1212 δὲ
613 1149 736 1233 νεκροῦ
768 1152 919 1234 τριταίου
945 1144 1030 1233 πρδς
1057 1146 1119 1233 τήν
1151 1153 1218 1234 γῆν

146 1250 213 1320 ὑπὸ
248 1256 420 1339 δελφίνων
448 1252 742 1339 προςενεχθέντος,
773 1254 889 1340 ἑορτής
915 1278 1008 1332 τινος
1038 1256 1218 1341 ἐπιχωρίου

148 1357 223 1447 παρ’
249 1356 364 1437 αὐτοῖς
388 1356 492 1444 οὔσης
506 1355 597 1425 Ῥίου
611 1355 757 1444 ἁγνείας,
780 1358 901 1438 πάντες
919 1361 972 1427 ἐπὶ
985 1358 1047 1427 τὸν
1062 1359 1218 1446 αἰγιαλὸν

94 1487 129 1537 10
150 1469 311 1553 ἔδραμον·
338 1465 394 1532 καὶ
421 1462 458 1532 τὸ
488 1468 583 1551 σῶμα
611 1469 853 1552 γνωρίσαντες,
877 1467 985 1533 έκεῖνο
1010 1465 1071 1553 μέν
1094 1467 1218 1553 πενθή-

149 1591 268 1651 σαντες
290 1576 436 1657 ἔθαψαν,
459 1569 539 1650 τοὺς
562 1569 599 1638 δὲ
623 1584 742 1657 φανείς
763 1569 956 1657 ἀνεζήτουν.
995 1575 1030 1640 οί
1051 1571 1088 1640 δὲ
1112 1579 1218 1660 φοβη-

147 1680 267 1758 θέντες
288 1675 351 1765 τήν
380 1682 449 1746 τῶν
471 1681 620 1746 πολιτῶν
644 1675 761 1763 ὀργήν,
783 1663 1054 1758 καέασπόσαντες
1076 1677 1218 1748 ἁλιευτι-
1323 1713 1330 1718 ·

147 1783 210 1853 κδν
233 1783 362 1871 σκάφος
386 1785 587 1853 διέπλευσαν
609 1788 656 1862 είς
670 1781 821 1870 Κρήτην·
847 1779 906 1863 οὓς
928 1783 1010 1852 κατὰ
1033 1788 1137 1872 μέσον
1156 1785 1217 1854 τὸν

147 1895 258 1959 πλοῦν
277 1889 295 1959 δ
312 1890 396 1970 Ζεὺς
413 1888 631 1978 κεραυνώσας
648 1887 911 1975 κατεπόντωσεν,
931 1888 976 1970 ὥς
995 1911 1100 1978 φησιν
1117 1891 1218 1960 Ἀλκι-

95 2020 129 2068 15
151 1996 258 2084 δόμας
281 1999 318 2065 έν
342 2003 513 2088 Μουσείφ.
557 1995 801 2084 Ἐρατοσθένης
826 1998 865 2064 δέ
886 2015 991 2082 φησιν
1015 2000 1052 2066 έν
1070 1995 1218 2090 Ἡσιόδῳ

148 2111 318 2192 Κτίμενον
340 2104 396 2171 καὶ
411 2102 575 2190 ’Ἀντιφον
594 2100 674 2181 τοὺς
688 2101 901 2191 Γανύκτορος
924 2103 976 2170 ἐπὶ
999 2107 1039 2192 τῇ
1062 2129 1218 2193 προειρη-

148 2214 231 2300 μένη
254 2215 345 2300 αίτίηι
368 2208 577 2290 ἀνελθόντας
600 2212 855 2296 σφαγιασθήναι
882 2218 977 2289 θεοῖς
1003 2224 1073 2290 τοῖς
1098 2212 1220 2292 ξενίοις

144 2315 213 2386 ὑπὸ
247 2316 461 2406 Εὐρυκλέους
492 2319 553 2383 τοῦ
585 2313 742 2402 μάντεως.
787 2313 849 2400 τήν
882 2317 995 2402 μέντοι
1032 2319 1217 2405 παρθένον,

147 2422 209 2511 τήν
233 2420 384 2510 ἀδελφήν
406 2425 475 2490 τῶν
497 2423 768 2509 προειρημένων,
792 2417 872 2505 μετὰ
894 2419 957 2507 τήν
980 2421 1119 2510 φθορὰν
1143 2425 1220 2491 ἑαυ-

94 2551 128 2602 20
148 2529 209 2618 τήν
233 2529 443 2618 ἀναρτήσαιζ
460 2531 637 2614 φθαρῆναι
667 2524 698 2592 δ’
724 2523 790 2594 ὑπό
815 2550 907 2604 τινος
930 2527 1043 2611 ξένου,
1067 2527 1220 2596 συνόδου

148 2641 209 2706 τοῦ
232 2634 410 2719 Ἡσιόδου,
439 2631 644 2720 Δημω’δουςΙ
659 2630 780 2719 ὄνομα·
809 2628 851 2700 δν
878 2633 932 2700 καὶ
959 2631 1063 2701 αὐτὸν
1086 2632 1218 2723 ἀναιρε-

147 2748 253 2829 θήναι
282 2739 348 2810 δπδ
376 2745 445 2809 τῶν
473 2737 586 2808 αὐτῶν
618 2758 732 2825 φησιν.
778 2737 920 2825 ὕστερον
949 2738 982 2806 δ’
1014 2737 1219 2828 Ὀρχομένιοι

148 2847 231 2918 κατδι
254 2843 406 2937 χρησμὸν
429 2848 682 2933 μετενέγκαντες
705 2842 809 2913 αὐτὸν
832 2842 909 2933 παρ’
935 2841 1050 2926 αὑτοῖς
1073 2852 1221 2934 ἔθαψαν,

148 2958 205 3025 καὶ
227 2958 420 3044 ἐπέγραψαν
444 2953 496 3020 ἐπὶ
519 2955 564 3043 τῷ
588 2949 697 3042 τόφφ·

94 3102 128 3152 25
183 3078 310 3169 ’Ἄσκρη
334 3077 395 3165 μὲν
418 3076 535 3165 πατρὶς
556 3074 752 3162 πολυλήϊος·
776 3071 860 3143 ἄλλα
884 3076 1053 3157 θανόντος

239 3185 337 3256 ὀστέα
359 3185 555 3270 πληξίππων
577 3187 620 3269 γή
646 3185 793 3249 Μινυῶν
816 3185 945 3269 κατέχει

112 3404 115 3409 ,
220 3349 253 3403 V.
272 3354 298 3403 λ.
335 3340 426 3408 ἅπας
444 3344 521 3414 apud
540 3343 666 3398 Goesstl.
686 3342 799 3397 excidit.

220 3423 254 3477 V.
270 3424 294 3473 4.
329 3414 569 3483 Οίνεωνεῐσιν]
589 3414 610 3467 F
632 3413 763 3483 Οίνῶσιν,
783 3413 858 3483 quod
876 3429 966 3483 recep.
987 3413 1114 3470 Goettl.
1142 3414 1219 3472 (δοκε.

151 3489 325 3563 Βαορρὶαε
345 3488 422 3543 Orat.
441 3488 501 3541 Att.
521 3485 555 3540 H.
574 3502 602 3571 ρ.
623 3490 683 3540 155.

221 3565 255 3619 V,
271 3571 295 3619 6.
324 3553 452 3629 μεταξὺ
473 3556 528 3624 τῆς
545 3555 708 3626 Ενβοίας]
725 3554 771 3609 Sic
784 3556 814 3610 F.
843 3555 953 3612 Nietz.
973 3554 1094 3610 coniecit
1112 3553 1219 3626 μεταξδ

150 3637 295 3697 Βοιωτίας.
341 3629 468 3684 Goettl.
506 3629 653 3698 proposuit
689 3628 861 3696 Μολυκρίας.
908 3625 948 3681 cf.
985 3627 1111 3681 Herma
1142 3627 1217 3683 VIII.

148 3728 177 3780 p·
201 3713 299 3832 4(δόξαν.
333 3769 422 3827 Ῥίον
446 3765 603 3839 ἁγνείας]
632 3763 798 3838 όριαδνείας
820 3769 856 3837 F,
875 3769 950 3838 quod
974 3784 1065 3838 recep.
1091 3767 1219 3823 Goettl.

150 3852 227 3907 (δοκε.
247 3846 356 3902 Nietz.

221 3920 256 3974 V.
275 3923 317 3972 15.
352 3907 559 3988 ‘Huwaij
587 3905 725 3980 ἐνηιιόδω.
760 3910 835 3965 Corr.
855 3910 980 3966 Goeffl.
1001 3910 1219 3980 etBergkius

148 3989 590 4123 Αη’δί111’ί.1)ιίνελθόιιτας]
625 4051 671 4106 Sic
689 4069 759 4106 corr.
779 4051 983 4133 Stephanus.
1021 4052 1042 4105 F
1062 4054 1091 4106 et
1109 4051 1218 4106 Nietz.

150 4127 312 4191 ἀνελόντας.
333 4160 367 4168 -
398 4123 514 4194 θεοῖς]
539 4123 585 4177 Sic
604 4123 639 4189 F,
664 4122 790 4177 restituit
807 4122 915 4178 Nletz.
950 4123 968 4176 S
990 4126 1124 4193 θεσμοῖς,
1143 4124 1219 4191 quod

149 4221 240 4274 recep.
261 4199 388 4257 Goettl.
425 4201 484 4256 τοῖς
502 4192 613 4248 εδδίδὶλ
631 4193 878 4261 Bernhardyus.
1320 4211 1324 4220 ·

221 4273 256 4326 V.
276 4277 318 4326 19.
357 4263 496 4337 φθορὰν
529 4263 623 4320 SicF.
656 4264 745 4319 restit.
763 4263 873 4318 Niessz.
906 4263 1032 4318 Goettl.
1053 4259 1163 4330 φωρόιν.

221 4345 257 4399 V.
276 4348 319 4398 26.
356 4335 497 4394 Μινυῶν
529 4331 699 4398 Ε’Μινοός.
719 4351 787 4390 corr.
807 4334 902 4388 Barn.
918 4351 951 4389 ex
968 4333 1087 4390 Pausan.
1107 4335 1155 4402 IX,
1174 4339 1217 4390 3⁸.
