2948 4906
550 301 646 353 EPPA
663 301 728 354 ΚΑΙ
746 301 896 354 ΗΜΕΡΑΙ,
1195 301 1258 366 201

191 467 264 533 τοῖς
288 453 326 522 δὲ
350 451 411 540 δίχ’
437 452 631 543 ἀνθρώπων
653 455 770 540 βίοτον
792 455 848 522 καὶ
871 452 944 540 ἥδέ
970 452 1121 534 ὀπάσσας

194 556 279 638 Ζευς
301 563 474 648 Κρονίδης
496 559 677 627 κατένασσε
700 558 807 649 πατὴρ
831 561 865 639 ές
886 565 1026 649 πείρατα
1048 567 1155 648 γαίης,

194 668 313 752 [τηλοῦ
336 663 389 732 ἀτί
415 662 615 733 ἀθανάτων·
638 680 748 734 τοῖσιν
771 665 908 755 Κρόνος
930 666 1163 753 ἐμβασιλεύει]

192 773 249 839 καὶ
272 772 324 839 τοὶ
347 770 410 858 μὲν
433 775 592 840 ναίουσιν
614 769 741 858 ἀκηδέα
762 770 879 858 θυμὸν
903 777 1035 859 ἔχοντες
1211 792 1263 842 170

193 879 232 946 έν
255 876 415 967 μακάρων
438 876 574 964 νήσοισι
597 875 671 967 παρ’
693 875 855 946 Ὠκεανὸν
878 883 1085 967 βαθυδίνην,

194 981 305 1068 ὄλβιοι
328 981 444 1071 ἥρωες,
466 997 577 1052 τολσιν
601 986 760 1071 μελιηδέα
783 984 913 1072 καρπὸν

193 1090 266 1178 τρὶς
290 1094 379 1169 ἔτεος
400 1089 574 1158 θάλλοντα
598 1090 693 1179 φέρει
717 1095 874 1176 ζείδωρος
896 1089 1035 1179 ἄρουρα.

283 1192 407 1280 Μηκέτ’
435 1193 529 1264 ἔπειτ’
556 1193 705 1282 ὤφειλον
728 1195 793 1282 ἐγὼ
815 1199 991 1285 πέμπτοισι
1015 1211 1161 1285 μετεῖναι

266 1407 300 1462 V.
322 1413 381 1462 167.
417 1403 506 1476 λήδέ
526 1407 569 1462 Vl.

266 1477 300 1535 V.
320 1483 380 1534 169.
417 1477 470 1534 Hio
488 1495 584 1533 versus
604 1479 686 1534 abest
703 1477 763 1534 Mo.
782 1479 845 1534 Par.
865 1479 901 1534 al.
937 1476 1105 1547 Agnosoiiur
1127 1479 1224 1532 lamen
1247 1494 1265 1531 e.

195 1549 346 1603 Zenobio
363 1549 444 1604 Prov.
461 1549 538 1604 (lent.
553 1549 601 1616 ΠΙ,
617 1556 658 1604 86.
691 1549 774 1604 Hune
792 1551 822 1605 ed
839 1567 864 1603 v.
885 1550 1034 1618 sequentes
1048 1551 1095 1618 (so.
1112 1551 1264 1617 170-173)

196 1619 394 1687 aquibusdam
408 1620 511 1675 eiectos
526 1636 586 1675 esse
600 1621 633 1675 ui
649 1620 761 1690 ineptos
774 1621 889 1675 Proolue
904 1619 981 1675 dioit.
1013 1619 1132 1674 Versum
1148 1625 1198 1673 169
1213 1635 1265 1688 pro

197 1689 291 1772 spurio
310 1690 417 1745 habent
434 1691 557 1760 Heyer.
576 1708 603 1760 p.
618 1695 662 1746 25.
689 1691 799 1747 Sleilz
817 1709 844 1760 p.
864 1697 897 1746 69
918 1690 1067 1746 Sohoem.
1087 1707 1158 1746 eom.
1176 1707 1204 1760 p.
1219 1696 1263 1760 26,

198 1776 264 1816 ereo.
293 1776 389 1816 omnes
417 1762 486 1816 edit.
511 1761 688 1817 recentiores.
726 1757 906 1834 ἐμβασιλεύει
932 1777 1001 1816 eorr.
1026 1761 1265 1828 Buttmannus,

197 1831 276 1886 codd.
296 1826 471 1903 ἐμβασίλευε,
491 1829 567 1901 quod
584 1833 692 1901 plaouio
709 1833 822 1888 Lenne
828 1832 893 1903 pio.

267 1901 301 1955 V.
321 1907 381 1957 173.
418 1903 490 1972 τρὶς
509 1899 616 1974 ἔτεος]
637 1902 683 1957 Sio
696 1903 756 1959 Md.
775 1905 847 1973 Par„
866 1901 925 1973 τρὶς
942 1902 993 1957 τοῦ
1014 1899 1094 1965 έτονς
1107 1902 1165 1957 Vl.
1180 1902 1211 1958 G.
1227 1901 1264 1958 al.

196 2002 229 2011 —
249 1971 309 2038 sole
325 1971 428 2036 fe'teoe
446 1973 487 2028 Fl.

268 2041 302 2097 V.
323 2049 383 2098 174.
420 2039 548 2113 ὤφελλον
577 2043 699 2100 Gramm.
726 2061 770 2114 ap.
799 2044 942 2099 Cramer.
971 2043 1075 2098 Aneod.
1105 2043 1191 2098 Oxon.
1219 2042 1265 2097 Ill.

199 2307 320 2376 demque
333 2307 452 2376 partem,
471 2323 543 2377 quae
558 2327 583 2364 v.
606 2313 656 2364 162
676 2309 707 2362 ed
759 2306 872 2377 posteri.
909 2307 951 2361 De
974 2306 1132 2361 Menelao
1152 2307 1265 2362 aliunde

201 2384 252 2433 164
279 2378 382 2432 iterum
409 2377 501 2433 divisa
524 2378 573 2446 sia,
601 2393 628 2433 v.
654 2385 705 2433 166
760 2379 877 2433 constat.
911 2377 962 2446 (of.
978 2377 1022 2432 Br.
1032 2376 1113 2430 Auel
1123 2377 1144 2430 I.
1155 2394 1182 2446 p.
1195 2379 1266 2446 179.)
1316 2409 1319 2414 -

199 2448 289 2502 denuo
331 2447 481 2518 afferatur,
519 2449 705 2518 oppositaque
794 2446 828 2504 V.
849 2453 910 2502 174.
946 2441 1059 2516 μηκέτ’
1081 2442 1187 2501 ἔπειτ’
1222 2447 1262 2502 cf.

199 2517 237 2573 sit
255 2519 356 2574 minori
369 2519 488 2575 heroum
500 2519 584 2590 parti,
611 2539 637 2574 v.
653 2525 703 2574 167
759 2518 878 2574 Lehrs.
893 2518 913 2570 l.
927 2518 946 2573 l.
960 2534 988 2586 p.
1004 2523 1069 2572 2³6:
1089 2517 1167 2584 „Iam
1184 2536 1194 2571 1
1218 2517 1264 2586 ud,

197 2589 342 2644 vocabulis
359 2596 418 2652 τοῖς
432 2588 465 2645 ol
483 2607 501 2644 a
513 2592 599 2659 po'eta
616 2589 703 2644 indro-
759 2605 815 2658 quo
828 2588 965 2643 irensibus
978 2587 1019 2656 fil,
1038 2582 1134 2656 μηκέτ’
1150 2618 1183 2628 -
1196 2603 1268 2642 non-

198 2660 308 2716 ἀποίου.
345 2661 379 2715 V.
396 2667 535 2716 166-167
555 2661 591 2716 ed
610 2676 706 2715 omnes
759 2660 826 2714 dum
843 2659 1010 2714 extricatum
1033 2659 1085 2712 est.
1126 2658 1268 2726 Numqui

198 2731 298 2786 heroes
333 2731 491 2786 reieoeruni
525 2731 705 2786 Buttman-
761 2729 831 2785 dieii
859 2729 988 2798 „utinam
1016 2745 1051 2783 ne
1076 2729 1197 2798 emplius
1223 2728 1267 2784 his

198 2819 271 2870 nus,
292 2801 476 2857 Niisohius
494 2801 613 2871 aliique,
632 2801 705 2856 Mos·
759 2800 920 2855 hominibus
934 2801 1068 2855 inderesse
1079 2800 1227 2854 deberem“
1242 2799 1269 2854 ei

201 2871 315 2942 ohopnli
333 2872 502 2928 senientiam
520 2873 539 2930 l.
558 2873 578 2927 l.
597 2871 705 2942 exposi-
761 2871 919 2926 addendum
929 2874 973 2926 esi
982 2871 1050 2940 „sed
1060 2870 1159 2925 statim
1168 2871 1269 2924 mori.“

201 2946 261 2998 tom
275 2943 371 2998 seouti.
760 2945 801 2996 Ao
820 2942 846 2996 ei
863 2942 947 2996 antee
971 2941 1120 2996 meliorem
1146 2941 1269 2996 aetatem

236 3014 270 3071 V.
291 3019 430 3069 170-173
446 3013 600 3068 seeundum
613 3013 707 3068 Prooli
760 3011 846 3067 fuisse
861 3013 997 3082 exposuit,
1015 3011 1070 3067 hoo
1083 3012 1180 3067 modo:
1201 3011 1269 3080 „sed

202 3084 342 3139 adheiesio
351 3085 434 3139 obelo
443 3084 705 3140 noteriiKoeohl.
761 3086 812 3138 aul
829 3085 914 3137 aulea
927 3081 1014 3138 fuisse
1029 3084 1079 3137 aut
1092 3081 1192 3138 stetim
1209 3098 1268 3136 mo-

238 3154 355 3210 V.1‘11.
402 3150 565 3224 μακάρων
592 3154 705 3226 νῆσοι]
732 3207 734 3213 ,
760 3153 811 3208 ri.“
847 3154 901 3209 Vel
928 3153 1100 3208 inveniemus
1127 3169 1189 3208 rem
1215 3153 1269 3207 hoo

200 3227 233 3280 ui
251 3225 326 3295 apud
339 3226 491 3281 Homerum
510 3227 539 3280 ei
552 3224 708 3280 Hesiodum
760 3225 857 3279 modo:
881 3223 956 3292 „Qui
977 3224 1020 3278 ile
1045 3224 1128 3280 dicio:
1157 3224 1269 3279 utinam

203 3295 315 3350 suntin
334 3295 638 3366 Ooeano,iiapostee
655 3296 707 3350 mi·
761 3297 812 3350 aul
838 3298 923 3350 antea
946 3297 1073 3350 mortuns
1100 3311 1192 3350 essem
1219 3297 1271 3350 ant

203 3385 265 3420 rum
293 3367 324 3421 in
351 3367 466 3420 modum
490 3366 649 3421 Sardiniam
676 3367 707 3421 in
762 3368 826 3435 post
852 3367 934 3421 natus
967 3366 1035 3420 huie
1066 3365 1270 3420 exordiendum

201 3437 299 3491 insulis
327 3437 474 3492 bealorum
502 3437 634 3492 habuisse
666 3437 707 3493 vi·
760 3437 815 3491 fuit
833 3437 962 3505 „nollem
985 3437 1052 3491 huie
1074 3435 1164 3491 aelati
1181 3437 1269 3490 inler-

201 3507 302 3562 dentur
310 3506 421 3573 Graeci3
431 3526 458 3562 v.
469 3507 612 3563 Aristot.
623 3508 706 3577 Phys.
761 3509 848 3574 esse“‚
859 3507 1016 3576 „emplius“
1023 3506 1151 3575 ineptum
1159 3507 1228 3561 ‘eslf‘
1236 3535 1270 3546 -

201 3577 253 3646 IV,
273 3584 305 3631 11
332 3573 467 3647 καθάπερ
498 3573 567 3633 οὐδὲ
590 3584 650 3640 τοῖς
678 3573 711 3632 ἐν
764 3578 809 3631 Ad
828 3593 900 3646 quae
921 3577 1069 3632 Sohoem.
1089 3593 1160 3630 oom.
1179 3582 1270 3646 mlo:

205 3648 239 3716 τῇ
254 3649 369 3718 Σαρδοῖ
382 3647 643 3719 μυθολογουμένας
661 3667 711 3703 τια-
766 3647 897 3718 ,,Μηιιέτι
910 3647 940 3701 in
953 3665 980 3702 v.
997 3653 1056 3716 174,
1075 3663 1131 3700 non
1140 3646 1270 3715 amplius,

206 3714 326 3773 θεόδειν
343 3714 421 3786 παρὰ
440 3726 500 3782 τοῖς
516 3713 617 3789 ἥρωσι,
641 3713 711 3774 ὅταν
765 3719 841 3788 quod
858 3717 1001 3772 Lehrsio
1046 3722 1125 3772 ,234
1142 3715 1272 3786 ineptum

207 3784 354 3859 ἐμερθῶοι.
366 3789 712 3846 01.Ρ1υλττο11.δοίιιοίο
765 3789 889 3858 videtur,
911 3804 969 3843 non
986 3735 1069 3844 video
1088 3805 1145 3857 que
1162 3787 1272 3843 ratione

202 3858 232 3914 in
256 3861 314 3916 orb.
339 3861 396 3916 lun.
416 3867 450 3916 26
481 3860 545 3916 Nisi
561 3861 633 3916 haee
651 3877 712 3944 ιμο-
767 3860 807 3915 sio
828 3859 1014 3928 riluperetur:
1043 3861 1087 3913 esi
1109 3857 1184 3913 enim
1206 3858 1224 3914 i.
1244 3875 1271 3926 q.

206 3931 712 3986 ooanoedfabulammultoreeenlro·
765 3947 831 3985 non
867 3945 982 3999 porro,
1032 3944 1097 3983 non
1138 3928 1271 3984 diutius

203 4017 269 4056 rem.
295 4002 427 4057 Ceterum
440 4003 593 4056 seeundum
606 4001 711 4056 Galli·
766 4016 865 4070 quem
898 4000 1016 4054 adhue.
1064 3999 1144 4065 Quod
1176 4001 1271 4054 antem

206 4072 311 4127 soreii
335 4071 453 4126 soolium
476 4073 532 4142 (Br.
547 4073 676 4128 Analeot.
690 4073 711 4128 I.
767 4071 880 4127 additur
897 4064 915 4138 ἢ
934 4066 1044 4139 πρόσθε
1067 4073 1175 4124 θανεῖν
1193 4071 1272 4138 opta·

206 4160 233 4212 p.
253 4145 316 4212 166)
345 4145 458 4212 praeter
480 4142 620 4197 Achillem
644 4143 713 4198 Dio·
766 4142 852 4197 bilius
867 4157 926 4196 esse
941 4139 1186 4210 significaturiem
1205 4141 1271 4194 anie

205 4215 372 4282 medemque
387 4212 474 4268 etiam
484 4212 668 4267 Harmodium
682 4214 713 4268 in
766 4213 907 4266 mortuum
927 4227 993 4266 esse.
1029 4211 1160 4266 Proxime
1177 4209 1272 4277 verbe,

207 4285 307 4339 insulis
326 4284 475 4338 bealorum
489 4299 549 4338 esee
567 4283 712 4353 fingebant
767 4277 786 4352 ἢ
816 4280 916 4336 ἔπειτα
939 4280 1091 4351 γενέσθαι,
1118 4281 1149 4335 in
1172 4279 1272 4349 quibus
