2902 4900
609 295 721 349 ιοου,
1133 297 1198 364 369

177 448 302 538 άνδρός
324 449 386 538 μὲν
409 450 570 536 στέφανοι
591 453 719 535 παῖδες,
741 447 865 540 πύργοι
888 451 926 520 δὲ
949 451 1085 539 πόληος·

178 559 272 624 ἵπποι
296 553 328 623 δ’
354 548 397 625 αὖ
418 561 538 626 πεδίον
561 555 694 644 κόσμος,
718 559 797 644 νήες
820 555 858 625 δὲ
879 559 1066 647 θαλάσσης·

547 689 565 727 ιι
654 689 672 728 ι

176 768 268 841 λαοῖς
293 759 324 828 δ’
351 765 402 830 είν
425 759 566 851 ἀγορῇσι
584 690 780 850 καθήμενοί
796 761 1026 849 είςοράασθαι.

79 888 100 936 5
175 869 364 956 αίθομένου
387 868 424 936 δὲ
447 865 553 958 πυρός
575 869 801 959 γεραρώτερος
824 867 916 950 οίκος
938 870 1074 940 ἰδέσθαι

175 972 275 1062 ήματι
297 980 463 1067 χειμερίῳ,
487 971 614 1044 ὁπόταν
636 981 756 1065 νίφησι
779 981 948 1065 Κρονίων.

58 1102 125 1152 325
220 1082 352 1150 έκεῖθεν
376 1079 413 1150 δέ
430 1080 703 1170 παραγενόμενος
729 1088 776 1164 είς
797 1081 987 1171 Κόρινθον,
1007 1085 1194 1180 ἐρραψῴδει
1214 1116 1250 1164 44

126 1186 171 1256 τὰ
206 1186 382 1275 ποιήματα.
435 1189 588 1276 τιμηθεὶς
628 1187 665 1257 δέ
707 1187 857 1276 μεγάλως
893 1197 1112 1279 παραγίνεται
1148 1198 1197 1275 είς

114 1292 256 1383 Ἀργος
279 1296 335 1362 καὶ
359 1296 446 1381 λέγει
470 1298 506 1364 ἐκ
528 1300 585 1382 τῆς
604 1291 746 1376 Ἰλιάδος
768 1293 809 1364 τὰ
832 1300 892 1383 ἔπη
916 1295 1008 1365 τάδε·

64 1424 104 1473 10
175 1408 212 1470 οἳ
233 1399 264 1468 δ’
282 1399 404 1488 ’Ἄργος
426 1399 456 1469 τ’
477 1399 569 1489 εἶχον
596 1401 750 1490 Τίρυνθά
772 1429 807 1470 τε
830 1402 1048 1490 τειχιόεσσαν,

171 1506 353 1597 Ἑρμιόνην
376 1505 405 1577 τ’
428 1508 563 1596 Ἀσίνην
581 1535 631 1594 τε,
654 1507 770 1597 βαθὺν
791 1506 874 1576 κατά
896 1511 1022 1579 κόλπον
1046 1511 1194 1599 έχοόσας,

179 1613 345 1703 Τροιζῆν’,
366 1614 501 1696 Ἠϊόνας
523 1643 568 1702 τε,
590 1617 646 1684 καλ
668 1611 863 1703 ἀμπελόεντ’
887 1612 1101 1705 Ἐπίδαυρον,

173 1721 282 1809 νῆσόν
305 1720 335 1792 τ’
361 1731 507 1810 Αἴγιναν
531 1722 675 1810 Μάσητά
698 1749 743 1809 τε,
766 1725 885 1813 κοῦροι
908 1722 1059 1811 Ἀχαιῶν,

173 1833 241 1898 τῶν
266 1821 348 1898 Ιαὖθ’
374 1826 558 1917 ἡγεμόνευε
581 1828 667 1917 βοήν
690 1828 821 1917 άγαθδς
844 1831 1023 1919 Διομήδης

178 1939 351 2022 Τυδείδης,
375 1928 416 2003 οὗ
439 1937 562 2025 πατρὸς
578 1942 670 2024 Ιέχων
693 1939 793 2025 μένος
817 1943 986 2025 Οίνείδαρ,

172 2043 229 2110 καὶ
251 2045 435 2128 Σθένελος,
458 2047 641 2131 Καπανῆος
664 2042 861 2131 άγακλειτοῦ
885 2050 986 2133 φίλος
1008 2044 1091 2127 υίός.

172 2162 260 2218 τοῖσι
285 2147 317 2216 δ’
342 2146 399 2238 ἅμ’
426 2148 628 2239 Εὐρύπυλος
649 2157 800 2238 τρίτατος
822 2157 904 2239 κίεν,
931 2153 1068 2233 ίσόθεος
1089 2152 1173 2240 φάς,

174 2258 373 2343 Μηκιστέως
395 2253 469 2337 υίὸς
496 2261 718 2326 Ταλαϊονίδαο
742 2255 893 2339 άνακτος.

174 2365 210 2432 ἐκ
233 2362 368 2432 πάντων
393 2361 424 2430 δ’
450 2360 561 2450 ἡγεῖτο
584 2361 670 2451 βοήν
693 2361 823 2450 άγαθός
846 2363 1034 2454 Διομήδης.

172 2484 261 2539 τοῖσι
281 2468 312 2537 δ’
338 2469 394 2557 ἅμ’
421 2469 615 2556 ὀγδώκοντα
638 2472 791 2559 μέλαιναι
815 2473 892 2556 νήες
916 2471 1051 2540 ἕποντο·

173 2579 211 2645 έν
235 2575 265 2644 δ’
291 2575 414 2666 ἄνδρες
435 2579 595 2664 πολέμοιο
621 2575 786 2668 δαήμονες
810 2575 1013 2665 ἐστιχόωντο

169 2682 312 2772 Ἀργεῑοι
336 2682 575 2773 λινοθώρηκες,
598 2686 719 2772 κέντρα
741 2685 929 2773 πτολέμοιο.

217 2794 285 2860 τῶν
309 2787 340 2859 δ’
363 2789 521 2878 Ἀργείων
550 2793 585 2858 ολ
605 2793 858 2879 προεστηκότες,
882 2789 1054 2881 ὑπερβολή
1078 2792 1194 2879 χαρέν-

127 2924 182 2978 τες
204 2899 257 2966 έπλ
285 2902 330 2992 τῷ
354 2895 616 2984 ἐγκωμιάζεσθαι
639 2895 677 2965 τό
706 2900 802 2983 γένος
830 2896 942 2966 αὐτῶν
970 2893 1036 2966 ὑπὸ
1059 2901 1119 2966 τοῦ
1143 2900 1194 2967 έν·
1308 2889 1310 2894 “

71 3023 108 3072 26
130 3003 312 3086 δοξοτάτου
338 3006 406 3073 τῶν
429 3006 595 3091 ποιητῶν,
623 3000 726 3070 αὐτὸν
749 3002 810 3090 μὲν
837 3005 1032 3073 πολυτελέσι
1055 3008 1195 3092 δωρεαῖς

129 3111 302 3199 ἐτίμησαν,
331 3109 445 3178 είκόνα
476 3108 513 3178 δὲ
541 3112 667 3197 χαλκήν
695 3107 957 3196 ἀναστήσαντες,
987 3113 1193 3196 ἐψηφίσαντο

128 3223 257 3285 θυσίαν
287 3220 447 3285 ἐπιτελεῖν
473 3213 604 3307 Ὀμήρφ
636 3213 715 3284 καθ’
748 3211 875 3304 ἡμέραν
907 3217 964 3284 καὶ
993 3214 1075 3285 κατὰ
1106 3221 1194 3303 μήνα

128 3325 184 3393 καὶ
206 3320 277 3392 κατ’
311 3323 478 3410 ἐνιαυτόν,
507 3323 563 3391 καλ
592 3320 698 3409 άλλην
725 3327 852 3389 θυσίαν
878 3327 1118 3410 πενταετηρίδα
1149 3328 1196 3404 είς

128 3436 213 3499 Χίον
228 3429 451 3500 ἀποστέλλειν.
476 3428 699 3517 ἐπιγράφουσι
718 3427 756 3495 δὲ
775 3429 827 3496 έπλ
845 3431 903 3518 τῆς
922 3429 1051 3510 είκόνος
1072 3429 1194 3499 αὐτοῦ·

74 3556 110 3605 30
172 3547 269 3618 θεῖος
282 3535 427 3625 Ὅμηρος
450 3533 502 3604 ὅδ’
529 3537 628 3622 ἐστίν,
652 3531 688 3614 ὃς
707 3532 850 3624 Ἑλλάδα
873 3533 935 3621 τήν
958 3535 1167 3624 μεγάλαυχον

217 3648 328 3713 πᾶσαν
352 3642 535 3730 ἐκόσμησεν
558 3648 730 3710 καλλιεπει*
750 3649 864 3731 σοφίη,

200 3786 234 3841 V.
255 3794 278 3844 1.
316 3783 501 3857 στέφανοι]
524 3784 569 3841 Sic
579 3785 609 3839 F.
623 3785 710 3855 vulgo
729 3783 877 3853 στέφανος.
914 3786 982 3842 Post
995 3805 1020 3843 v.
1040 3792 1056 3841 2
1074 3787 1193 3842 lacunae

129 3857 239 3927 signum
256 3858 351 3930 posuit
368 3857 477 3912 Nietz.

200 3929 233 3984 V.
257 3937 282 3986 4.
308 3932 405 3992 λαοῖς
429 3971 435 3985 .
455 3973 461 3984 .
484 3972 490 3986 .
513 3923 728 3999 καθήμενοι]
762 3926 808 3982 Sic
831 3927 865 3983 F.-
891 3927 1017 3983 Goettl.
1041 3925 1109 3991 λαός
1133 3972 1139 3986 .
1160 3968 1192 3985 ..

130 3996 302 4070 καθήμενος.

198 4072 232 4129 V.
252 4077 295 4127 λθ.
332 4071 381 4127 καλ
400 4073 465 4126 ουλε
483 4066 570 4138 ἄλλην
589 4067 683 4125 omisit
701 4069 731 4123 F.
750 4067 861 4124 addidit
878 4068 1051 4127 Wesfierm.

198 4143 232 4199 V.
251 4149 294 4199 30.
332 4138 561 4213 μεγάλαυχον]
581 4142 611 4198 F.
636 4136 816 4211 μεγαλαόχην
835 4154 904 4196 corr.
925 4138 1051 4197 Goeffl.

152 4283 172 4337 h
200 4213 232 4270 V.
252 4221 295 4270 31.
324 4217 509 4268 καλλιεπεί
522 4210 638 4284 σοφίη]
653 4212 683 4268 F.
707 4212 865 4278 καλλιεπίηι
879 4213 977 4280 οοφίηι
990 4231 1020 4267 τε
1035 4229 1104 4270 corr.
1121 4213 1197 4268 Ste-

130 4300 149 4352 p
177 4300 269 4341 anua

181 4384 283 4426 Emon.
297 4384 331 4425 οδ.
346 4383 458 4434 ῦσιεὶίορ.
947 4376 981 4428 24
