2948 4896
638 294 838 348 ΘΕΟΓΟΝΙΑ.

292 448 458 537 Χρυσάωρ
483 445 515 515 δ’
543 453 630 516 ἔτεκε
652 449 854 535 τρικέφαλον
877 451 1072 534 Γηρυονῆα-

201 557 334 644 μιχθελς
356 553 529 643 Καλλιρόῃ
552 553 658 643 κούρῃ
682 557 805 622 κλυτοῦ
825 551 1007 623 Ὠκεανοῖο.
1069 608 1074 616 .

200 659 261 730 τὸν
285 662 346 748 μὲν
370 659 426 747 ἄρ’
452 659 618 747 ἐξενάριξε
640 665 697 746 βίη
716 657 916 747 Ἡρακληείη

199 769 322 856 βουσὶν
346 765 397 835 ἐπ’
423 765 627 834 εἰλιπόδεσσι
649 765 836 856 περιρρύτῳ
860 771 912 834 είν
932 764 1108 854 Ἐρυθείῃ,
1216 783 1268 834 290

200 873 301 961 ἤματι
324 877 369 964 τῷ
394 871 449 942 ὅτε
472 897 533 960 περ
556 877 640 958 βοῦς
661 871 786 960 ἤλασεν
810 870 1064 959 εὐρυμετώπους

205 977 350 1067 Τίρυνθ’
376 983 423 1059 τίς
447 967 557 1065 ίερῆν,
582 977 700 1065 διαβὰς
722 978 829 1067 πόρον
850 977 1037 1065 Ὠκεανοῖο,

197 1087 330 1176 Ὄρθον
353 1113 388 1155 τε
410 1091 542 1165 κτείνας
564 1087 619 1154 καλ
641 1084 811 1173 βουκόλον
833 1083 1035 1174 Εὐρυτίωνα

271 1283 306 1338 V.
325 1286 386 1335 287.
418 1281 647 1352 τρικέφαλον]
667 1281 714 1336 sio
728 1279 879 1336 eoduma.
894 1286 918 1335 8.
939 1280 994 1334 Vl.
1013 1279 1076 1336 Par.
1095 1281 1157 1335 Bar.
1174 1279 1267 1337 Sahal.

200 1353 340 1409 Diaoonus
359 1352 389 1406 in
406 1353 498 1422 Alleg.
525 1353 641 1421 Exeget.
669 1353 734 1422 Byr.
753 1352 783 1406 in
800 1351 895 1408 Plaoh.
915 1351 1046 1408 Scholion
1064 1369 1091 1421 p.
1110 1357 1171 1408 690.
1210 1350 1269 1406 Pir-

198 1426 279 1479 mont
298 1423 390 1480 Sohol.
405 1423 548 1492 Aristoph.
562 1424 632 1492 Equ.
647 1430 708 1481 414.
742 1422 841 1479 Suidas
860 1441 881 1476 s.
896 1420 1093 1490 κυνοκέφαλος
1111 1421 1266 1489 (Bekkerus

200 1495 274 1550 male
293 1487 487 1563 τρικάρηνον),
509 1493 693 1564 probantibus
711 1493 825 1563 Meyer
843 1492 942 1561 lsler‚
967 1497 1075 1562 quaest.
1095 1493 1160 1548 Hes.
1180 1492 1268 1561 speei-

198 1583 265 1621 men
282 1585 310 1635 p.
327 1569 367 1619 12.
396 1565 566 1620 Mnetaell.
585 1583 613 1634 p.
633 1571 693 1620 449.
717 1562 854 1620 Koechl.
873 1558 1042 1632 τρικάρηνον
1059 1563 1173 1617 PlouA
1192 1563 1269 1632 apud

201 1636 383 1706 Lennepium‚
402 1634 564 1703 Woliius,
584 1635 823 1705 Goettl'ingius
842 1651 905 1689 oum
919 1634 982 1690 edd.
996 1633 1198 1704 antiquissimis
1212 1653 1268 1701 τρι-

199 1706 342 1778 κέφαλλον
361 1723 424 1760 eum
443 1705 617 1775 Lennepio
637 1705 786 1760 Schoem.

272 1778 305 1832 V.
325 1782 386 1832 288.
423 1773 769 1848 μιχθελςΚαλλιρόῃ]
802 1775 969 1831 Hiovorsus
993 1773 1268 1846 inmergineaddi-

197 1851 247 1904 tus
264 1849 295 1902 in
312 1849 372 1904 Μ3.
398 1847 428 1902 in
446 1849 478 1902 A.
499 1848 544 1902 Tr.
567 1847 664 1918 inepto
687 1847 750 1904 looo
773 1849 837 1918 post
856 1852 919 1902 279.
936 1846 1052 1916 legitur;
1076 1847 1106 1902 in
1128 1846 1267 1902 V1.Par.
1321 1891 1323 1899 .

196 1921 296 1974 tamen
313 1935 426 1988 prorsus
446 1919 532 1974 deest.

270 1991 305 2045 V.
324 1995 385 2044 289.
423 1984 568 2058 ἕξηνολριξε
587 1990 647 2046 Μ3.

271 2059 305 2115 V.
324 2065 385 2114 290,
423 2060 543 2132 βουσὶν
563 2056 614 2115 ἔπ’
636 2060 682 2132 -]
711 2059 757 2116 sie
776 2059 1016 2128 Meschoem.
1035 2060 1076 2114 Fl.
1096 2058 1177 2130 βουσί
1195 2053 1266 2128 πύρ’

199 2132 250 2187 rel.
269 2131 350 2187 codd.
371 2129 497 2188 Goettl.
516 2130 659 2186 Koeohl.
693 2129 732 2186 ef.
752 2131 784 2186 n.
799 2130 846 2198 VI,
861 2137 922 2186 424.
953 2130 1004 2186 Od.
1019 2130 1079 2200 XX,
1093 2137 1154 2188 221,
1183 2127 1267 2186 είλιπ.

197 2203 274 2268 M3.;
295 2197 326 2256 ἒν
343 2197 399 2272 Ἐρ.
419 2201 466 2256 VI.

271 2275 305 2329 V.
324 2279 386 2328 291.
422 2272 575 2343 trepidetis
596 2271 653 2328 Vl.

270 2345 305 2398 V.
325 2350 385 2398 293.
420 2339 558 2413 Ὄρθον]
580 2343 625 2397 Sic
638 2344 697 2398 Ma.
712 2349 737 2398 6.
761 2341 826 2398 Vat.
844 2343 900 2397 Vl.
916 2349 941 2398 2.
966 2341 1059 2398 Schol.
1074 2341 1153 2396 Pind.
1169 2343 1267 2399 Isthm.

202 2415 224 2482 i,
243 2421 284 2469 15.
318 2409 423 2482 Ὀρθον
442 2415 525 2469 Taur.
557 2409 680 2483 Ὀρθρον
698 2413 760 2468 Bar.

198 2590 244 2644 dit
257 2591 417 2660 Euripidi
436 2590 533 2646 Oreste
549 2597 627 2648 1004.
655 2591 707 2644 At·
795 2591 898 2644 Vtar.
917 2587 1265 2660 τρικέφαλον]8ολιοΙ.ι

197 2678 256 2730 que
275 2661 356 2716 alteri
373 2661 486 2730 quidem
506 2663 659 2716 sententiae
677 2661 707 2716 id
760 2663 931 2730 Στησίχορος
961 2657 995 2714 dt
1029 2661 1078 2714 καλ
1108 2658 1141 2746 ’ἐξ
1170 2666 1266 2730 χεῖρας

200 2732 322 2800 primum
354 2732 425 2787 bene
454 2732 597 2800 convenit,
632 2732 707 2802 quod
760 2731 837 2801 ἔχειν
865 2732 934 2800 φησί
962 2731 1010 2785 κοιλ
1036 2729 1068 2797 ἓξ
1096 2733 1189 2792 notus
1216 2732 1267 2786 aui

198 2801 706 2873 TrygueusapudAristophanem
759 2799 922 2870 ὑπόπτερον
942 2799 1023 2857 εἶναι.
1049 2833 1081 2842 -
1106 2801 1194 2857 Audit
1217 2819 1265 2858 au-

200 2873 274 2928 Paoe
302 2891 328 2928 v.
354 2880 396 2928 ta.
425 2876 589 2930 cantharum
615 2881 706 2941 suum,
759 2878 818 2930 tem
841 2873 978 2942 Aeschylo
1004 2875 1104 2944 Agam.
1124 2878 1185 2927 844.
1208 2893 1266 2942 τρι-

198 2959 285 3014 quem
317 2945 377 3014 ipse
410 2947 544 3014 tanquam
568 2946 706 3014 Pegasum
759 2941 895 3012 σώματος.
933 2946 973 2998 De
992 2943 1164 3014 etymologia
1183 2961 1266 3000 voea-

197 3013 366 3084 alloquitur‚
387 3015 543 3070 Aetnaeum
562 3016 630 3071 dioit
648 3015 706 3070 ani·
759 3015 821 3070 buli
835 3010 989 3083 Γηρυόνης,
1004 3014 1080 3084 quod
1092 3016 1167 3070 reete
1179 3015 1265 3070 verti·

200 3085 270 3153 mal,
300 3101 352 3140 neo
375 3086 502 3156 ineptum
529 3087 640 3141 videtur
665 3085 706 3141 di·
759 3089 807 3140 tur
833 3086 901 3152 „der
926 3085 1054 3140 Briiller“
1081 3087 1110 3140 et
1137 3084 1173 3140 ad
1194 3091 1266 3140 tem-

197 3156 277 3210 otum
305 3173 364 3212 esse
388 3157 526 3226 Pegasum
557 3157 707 3227 propterea
759 3157 883 3226 pestates
911 3157 1046 3212 hiemales
1068 3156 1206 3222 reiicitur,
1238 3175 1264 3210 v.

200 3225 371 3294 Aetnaeum,
389 3228 465 3296 quod
483 3227 544 3283 Iovi
563 3243 596 3282 ex
615 3231 707 3282 Aetna
761 3226 887 3284 Schoem.
902 3243 929 3297 p.
942 3233 1000 3282 160.
1025 3227 1151 3284 Curtium
1165 3246 1193 3296 p.
1205 3231 1266 3282 168.

198 3295 423 3353 fulminasfferre
430 3297 705 3368 putabatu13deinde
760 3299 822 3368 Ipse
840 3298 982 3353 Diaoonus
1000 3316 1027 3368 p.
1044 3305 1096 3354 664
1116 3324 1149 3346 ==
1168 3297 1265 3354 Flaoh.

200 3367 266 3421 huio
286 3368 441 3424 sententiae
463 3369 655 3438 patrocinatur
678 3387 705 3424 v.
759 3388 787 3439 p.
802 3375 854 3424 317
870 3369 1007 3440 originem
1020 3369 1097 3424 vocis
1112 3369 1169 3423 iam
1181 3385 1265 3424 nove-

199 3443 260 3492 505.
299 3439 338 3492 At
360 3456 423 3493 oum
441 3456 523 3494 nemo
541 3439 601 3494 fere
623 3455 705 3508 prse-
759 3442 816 3494 rut:
835 3435 1077 3508 προσαγορεύεται
1086 3434 1142 3494 ἀπὸ
1153 3440 1203 3493 τού
1215 3459 1266 3507 ρα-

199 3511 243 3563 ter
266 3508 420 3564 Hesiodum
443 3511 470 3564 h.
497 3511 515 3565 l.
540 3511 574 3564 de
598 3509 705 3580 Pegaso
760 3506 864 3580 ρυόνης
878 3531 920 3573 τις
937 3507 1011 3564 εἶναι
1025 3510 1074 3564 καί
1088 3505 1265 3578 θορυβώδης.

199 3579 387 3634 Iovifuimino
398 3581 705 3648 afferentediouuunus
794 3581 828 3637 V.
842 3586 902 3636 290,
930 3575 1109 3652 Ἐρυθείῃ]
1129 3580 1162 3636 V.
1179 3579 1265 3650 Hey-

199 3648 318 3706 fortasse
341 3650 544 3721 rhapsodorum
567 3652 634 3720 fuit,
658 3651 706 3720 qui
759 3653 853 3706 nium
876 3651 1006 3721 Apollod.
1030 3651 1064 3705 II.
1088 3669 1115 3720 p.
1135 3655 1186 3705 168
1206 3667 1265 3722 seq.

200 3737 309 3775 versum
324 3727 384 3777 283.
405 3724 586 3792 toniungeret
603 3740 666 3776 oum
678 3740 705 3776 v.
760 3721 900 3777 Miilleri
919 3723 983 3777 Dor.
1001 3723 1022 3780 Ι.
1041 3739 1069 3791 p.
1088 3727 1140 3776 422
1160 3738 1217 3791 seq.

200 3797 275 3860 286,
301 3794 334 3846 ut
352 3792 493 3862 Chrysaor
510 3793 570 3848 iovi
587 3792 707 3848 fulmina
795 3793 828 3848 V.
853 3799 913 3848 292,
961 3787 1107 3861 Τίρυνθ’
1137 3791 1187 3854 είς
1217 3790 1266 3847 ts-

200 3862 425 3918 subministraret
438 3863 534 3934 gladio
548 3881 633 3920 aureo
647 3866 706 3918 tra·
760 3861 838 3950 ρήν]
863 3863 896 3918 V.
917 3863 1022 3920 SohoI.:
1046 3859 1127 3926 πόλις
1143 3859 1266 3950 Ἄργους,

200 3932 269 4000 dito,
289 3933 364 4002 quod
384 3933 441 3988 fere
455 3936 614 4005 conspirare
629 3935 705 3989 vide·
759 3954 796 4003 ην
834 3932 976 4004 ἐτείχισαν
1013 3929 1178 3996 Κύκλωπες
1215 3936 1266 3988 δια

121 4009 123 4016 ’
199 4007 246 4058 tur
260 4021 324 4058 eum
339 3999 546 4077 ἐγχεικεραύνῳ
559 4004 628 4074 Ζηνλ
641 4003 706 4059 Pin·
759 4004 933 4075 τοῦτολέῃει
948 4000 1040 4074 αὐτὴν
1060 4001 1148 4074 ίερύν.
1180 3995 1263 4072 ἦνᾶέ

200 4073 273 4142 dari,
298 4092 362 4129 oum
383 4071 463 4144 ἔγχος
485 4093 541 4130 non
564 4092 619 4131 nno
643 4077 705 4130 loeo
761 4071 776 4130 ὁ
798 4071 960 4144 ,Γηρυονεύς
981 4073 1142 4144 Τιρύνθιος.

200 4145 277 4214 apud
289 4144 412 4216 tragicos
426 4145 460 4199 de
479 4145 574 4214 gladio
588 4143 720 4201 dicatur.'
796 4146 829 4200 V.
849 4153 909 4202 293.
947 4143 1086 4234 Ὀρθος]
1111 4145 1265 4216 Aptissima

200 4215 320 4270 Omnino
339 4216 372 4270 cf.
390 4215 537 4270 Sohoem.
558 4217 663 4286 Theog.
678 4235 705 4286 p.
754 4211 858 4284 Ὄρθος
872 4219 975 4287 (Altus)
993 4220 1022 4273 et
1036 4219 1184 4286 Ευρυτίων
1202 4217 1266 4286 (La-

199 4305 227 4356 P·
248 4291 308 4341 158·
759 4289 817 4356 tus)
827 4289 957 4344 custodes
967 4292 1033 4344 sunt
1041 4287 1197 4354 constituti,
1210 4286 1228 4340 i.
1240 4302 1264 4340 e.
