2958 4896
225 313 286 378 100
309 391 314 408 .
674 312 842 365 nmosor

222 467 324 547 άλλος
347 473 404 555 ἔχη
428 465 513 546 Διὸς
536 464 612 534 άντλ
634 469 728 535 θεῶν
752 465 996 552 αἰειγενετάων.

222 576 258 640 ἐκ
280 571 343 661 γάρ
367 577 426 660 τῆς
442 575 584 660 ,εἵμαρτο
608 576 798 659 περίφρονα
819 573 919 641 τέκνα
942 573 1115 658 γενέσθαι·

221 682 357 768 πρώτην
380 678 442 766 μὲν
465 677 594 765 κούρην
617 677 835 764 γλαυκώπιδα
861 680 1095 767 Τριτογένειαν
1237 698 1290 747 895

222 783 298 854 ἴσον
322 791 473 872 ἔχουσαν
489 785 588 872 πατρὶ
612 785 713 871 μένος
735 786 790 852 καὶ
814 787 981 873 ἐπίφρονα
1002 785 1145 871 βουλήν·

221 887 327 977 αύτάρ
352 889 450 958 ἔπειτ’
477 889 542 978 άρα
565 894 669 957 παῖδα
692 896 786 959 θεῶν
808 896 953 978 βασιλῆα
975 893 1031 960 καὶ
1054 889 1191 980 ἀνδρῶν

220 993 363 1082 ἤμελλεν
386 998 558 1080 τέξεσθαι,
581 993 744 1084 ὑπέρβιον
767 989 849 1086 ἦτορ
874 1003 1005 1088 ἔχοντα·

221 1099 294 1168 άλλ’
319 1100 386 1187 άρα
409 1130 467 1191 μιν
492 1100 576 1180 Ζεύς
599 1102 752 1188 πρόσθεν
778 1103 836 1191 ἔην
860 1105 1040 1173 ἐσκάτθετο
1063 1103 1189 1190 νηδύν,

223 1203 282 1290 [ὡς
306 1206 348 1293 (λη’
374 1211 409 1276 ολ
430 1208 618 1296 φράσσαιτο
641 1206 707 1275 θεά
731 1207 866 1295 άγαθόν
889 1237 924 1279 τε
947 1210 1050 1278 κακόν
1073 1216 1129 1295 τε]
1237 1229 1291 1280 900

311 1313 483 1401 Δεύτερον
506 1313 648 1401 ἠγάγετο
672 1313 818 1404 λιπαρὴν
842 1318 961 1404 Θέμιν,
983 1313 1004 1401 ἣ
1028 1317 1121 1384 τέκεν
1144 1314 1263 1404 Ὥρας,

221 1418 398 1506 Εὐνομίην
421 1446 456 1487 τε
481 1426 591 1507 Δίκην
614 1447 650 1489 τε
673 1423 728 1489 καὶ
752 1422 906 1510 Εἰρήνην
929 1429 1126 1508 τεθαλυῖαν,

221 1523 285 1593 αἴτ’
311 1523 384 1611 ἔργ’
406 1523 573 1613 ὠρεύουσι
596 1537 838 1614 καταθνητοῖσι
861 1533 1028 1616 βροτοῖσι,

219 1636 357 1716 Μοίρας
379 1628 430 1714 θ’,
452 1621 492 1719 ᾗς
514 1637 673 1720 πλείστην
695 1632 795 1722 τιμὴν
819 1633 901 1722 πόρε
924 1639 1059 1720 μητίετα
1082 1632 1180 1720 Ζεύς,

289 1807 324 1861 V.
346 1811 406 1862 893.
446 1805 521 1896 ἔχη]
540 1810 764 1868 Εσι.]λ1.ἔοι.
916 1879 922 1890 .

294 1876 325 1932 V.
345 1882 405 1932 895.
444 1897 581 1949 πρωτην
601 1881 681 1955 μὲν]
702 1833 754 1952 pylo
772 1898 822 1950 pro
841 1876 895 1948 γάρ
914 1895 971 1933 ram
989 1879 1025 1933 ab
1039 1878 1169 1946 Heynio
1188 1879 1289 1946 proba-

218 1952 279 2004 tum
298 1965 332 2002 ex
345 1947 407 2002 Em.
426 1948 491 2004 Vat.
510 1952 593 2009 Taur.
608 1953 662 2007 Pr.
682 1953 737 2006 Vi.
756 1952 849 2019 recepi
868 1966 931 2002 oum
945 1947 1052 2016 Dino,
1070 1949 1134 2001 Ber.
1153 1945 1207 2016 μὲν
1227 1945 1288 2016 γάρ.

290 2019 323 2072 V.
344 2024 404 2074 896.
443 2017 547 2090 ἔχοντα
565 2022 621 2080 Vl.
642 2054 675 2063 —
693 2022 779 2077 ficos
797 2020 843 2073 ΓΙ.
1059 2053 1066 2060 ·

223 2097 227 2104 '
289 2090 323 2144 V.
343 2094 403 2144 899.
439 2087 650 2162 ἐσκάτθετο]
670 2093 715 2146 Sic
729 2089 844 2159 scripsit
854 2105 918 2142 cum
932 2087 1047 2154 optimis
1057 2085 1289 2140 coddKoechl.

218 2161 283 2216 Vct.
299 2160 381 2216 Taur.
397 2160 511 2288 Gffll‘m'
533 2158 697 2232 ἐγκάτθετο,
712 2159 787 2228 quod
800 2175 891 2226 recep.
912 2157 1040 2212 Goettl.
1055 2156 1123 2212 Pal.
1139 2157 1289 2211 Schoem.

221 2227 407 2300 -πρόσθε
456 2229 575 2287 s'vFl.

290 2302 324 2356 V.
344 2307 405 2357 900.
443 2252 492 2365 άςη
507 2299 566 2373 δή]
597 2301 678 2356 Taur.
703 2294 741 2360 ὡς
764 2295 810 2368 μή.
834 2329 869 2337 -
893 2293 1024 2367 φράσατο
1047 2297 1123 2365 Em,
1147 2291 1184 2360 ὣς
1206 2292 1236 2351 d’
1263 2293 1292 2351 οἱ

220 2368 417 2499 ἕρφράφιίιτο
436 2373 551 2495 Galeln.
571 2373 606 2494 dte
625 2370 710 2494 Higpt.
727 2369 843 2495 ggglat.
863 2370 955 2440 dogm.
971 2369 1018 2438 111,
1038 2370 1109 2425 extr.
1141 2369 1174 2422 In
1193 2369 1292 2424 eodem

245 2461 325 2500 aeno
376 2459 549 2498 eversuse
594 2459 627 2495 ur
683 2457 695 2494 s
783 2485 789 2496 .

289 2515 324 2570 V.
344 2521 404 2569 901.
435 2509 521 2582 Ὥρας
540 2458 732 2568 Sgclhol.II³ind.
753 2511 795 2567 Ol.
815 2511 892 2580 XIII,
914 2518 957 2566 11.
993 2499 1107 2566 Vratisl.
1127 2505 1242 2580 κούρας.

289 2586 323 2639 V.
344 2591 403 2640 903.
441 2577 628 2652 ὠρεύουσι]
658 2583 703 2637 Sic
727 2583 787 2638 Me.
803 2589 828 2640 3.
857 2582 913 2637 Vl.
942 2582 1003 2636 Em.
1032 2582 1093 2636 Par.
1119 2582 1183 2636 Vat.
1208 2581 1292 2636 Taur.

218 2675 270 2726 pro
294 2652 442 2720 ύραίοοσι,
470 2668 525 2721 quo
549 2653 636 2707 ceteri
666 2654 850 2709 contaminati
875 2657 939 2708 sunt
963 2652 1080 2708 codices.
1129 2651 1294 2707 correxerat

218 2727 276 2783 tarn
295 2725 470 2780 Ruhnken.
490 2753 523 2762 —
544 2721 579 2776 αἳ
596 2719 697 2793 fs'py’
717 2725 763 2778 dl.

289 2796 323 2851 V.
343 2800 403 2849 904.
441 2789 565 2853 siglis.

255 2955 288 3022 V.
304 2959 363 3009 893.
398 2948 475 3020 ἔχη]
494 2951 581 3005 Recte
600 2970 667 3007 usus
686 2956 730 3007 est
783 2953 926 3019 videatur,
959 2951 1034 3020 quod
1062 2949 1145 3004 Horis
1176 2951 1292 3005 nomina

219 3023 410 3085 coniunctivo,
448 3021 523 3088 quod
560 3022 589 3075 id
625 3023 728 3093 ipsum,
783 3023 916 3093 impositu
934 3022 992 3076 sint
1015 3022 1097 3075 haec:
1134 3020 1204 3088 Lex,
1223 3021 1289 3087 Pax,

220 3099 255 3151 de
278 3109 334 3161 quo
362 3091 476 3159 dicitur,
504 3095 605 3161 poetes
634 3097 728 3149 aetate
782 3092 908 3161 lustitia,
933 3092 958 3146 is
982 3090 1142 3144 meminerit
1160 3091 1289 3159 antiquos

219 3166 309 3220 durat.
782 3164 907 3218 homines
921 3164 1012 3217 totam
1029 3161 1233 3230 rempublicam
1248 3178 1289 3216 se-

254 3235 287 3287 V.
307 3236 368 3286 895.
406 3229 485 3303 μὲν]
516 3233 590 3288 Huic
609 3235 661 3304 μέν
684 3252 727 3291 re·
783 3235 904 3289 cundum
917 3235 975 3288 tem
997 3249 1077 3287 orum
1090 3233 1229 3287 rationem
1246 3248 1288 3286 or-

211 3302 338 3373 *spondet
356 3296 448 3371 αότάρ
467 3305 561 3372 (891).
782 3305 903 3369 dinasse;
927 3321 953 3358 v.
1008 3303 1163 3357 iillmann
1182 3302 1289 3358 staats-

253 3373 286 3426 V.
302 3377 362 3444 900.
400 3371 482 3430 Hunc
500 3393 613 3430 versum
626 3376 727 3431 Wolf.
781 3376 861 3429 recht
879 3375 905 3428 d.
924 3374 1046 3428 Alterth.
1065 3379 1141 3442 p.15
1158 3389 1214 3443 seq.
1247 3372 1289 3426 De
1386 3387 1392 3392 ·

218 3442 343 3510 Heynii
363 3444 473 3499 monitu
490 3446 597 3515 primus
616 3447 727 3500 uncinis
780 3445 863 3500 Horis
878 3445 912 3502 cf.
924 3444 1056 3500 eximiam
1066 3444 1288 3499 dissertationem

218 3512 312 3581 sepsit.
351 3513 446 3568 Secuti
469 3519 534 3570 sunt
553 3519 655 3583 ceteri,
679 3518 727 3586 qui
781 3515 922 3570 Lehrsii
945 3515 1012 3584 Pop.
1032 3515 1110 3570 Aufs.
1128 3533 1156 3584 p.
1176 3520 1209 3568 73
1230 3530 1286 3597 seq.

220 3597 329 3636 versum
356 3583 403 3639 hic
431 3587 544 3641 omnino
571 3605 654 3642 sensu
682 3604 727 3641 cs·
781 3588 819 3654 (p.
835 3593 868 3640 ⁷⁷
884 3603 941 3654 seq.
961 3585 1004 3640 ed.
1023 3586 1075 3653 11).
1094 3616 1128 3626 —
1157 3588 1287 3650 λιπαρο

217 3669 277 3706 rere
296 3655 372 3708 recte
386 3660 594 3726 perspexerunt.
627 3658 726 3712 Paullo
781 3673 830 3710 cur
853 3657 963 3710 dIcatur
986 3656 1113 3725 Themis,
1138 3654 1222 3710 facile
1245 3654 1287 3708 in-

217 3721 300 3776 aliter
314 3723 463 3780 Schoem.
478 3746 506 3797 p.
522 3734 573 3782 249
589 3730 618 3783 et
632 3728 662 3782 in
676 3728 725 3781 ad·
778 3726 936 3796 tellegitur‚
961 3727 986 3782 si
1014 3727 1123 3796 antiqui
1165 3724 1287 3780 roverbii

163 3821 172 3833 -
217 3794 277 3846 not.
293 3793 329 3848 ad
343 3795 371 3849 h.
387 3815 412 3851 v.
429 3798 557 3866 coniecit,
576 3798 650 3852 hunc
664 3815 724 3853 ver·
778 3797 938 3852 memineris
967 3798 1106 3853 iustitiam
1133 3743 1207 3852 alere
1235 3809 1287 3863 pa-

218 3879 279 3943 sum
309 3866 373 3934 post
396 3886 421 3922 v.
439 3875 498 3924 *88⁷
523 3868 672 3934 excidisse,
695 3869 725 3922 in
778 3868 872 3923 triam.
910 3868 1101 3924 Nihilominus
1118 3869 1215 3922 tamen
1232 3865 1286 3918 hoc

217 3933 476 4014 antiquissimisque
519 3937 725 4008 exemplaribus
780 3939 937 4008 epithetum
957 3939 1005 3995 hic
1022 3940 1092 3994 miro
1114 3938 1212 4001 habet,
1237 3935 1287 3989 ubi

217 4006 352 4072 scriptum
370 4007 457 4064 fuisse
474 4003 513 4070 ὥς
532 4005 562 4062 οἱ
579 4003 725 4079 σνμφράο-
779 4011 985 4080 personadeae
1003 4008 1197 4066 introducitur.

217 4090 305 4143 οαιτο,
325 4078 399 4146 quod
417 4081 545 4132 suaserat
562 4079 726 4134 Herman—
815 4082 848 4136 V.
864 4089 1014 4138 904-906.
1043 4081 1085 4136 De
1100 4079 1143 4134 his
1157 4075 1286 4132 versibus

217 4161 286 4198 nus.
324 4147 427 4203 Nostro
445 4150 507 4204 loco
530 4149 635 4204 frustra
652 4150 726 4205 tueri
779 4170 848 4222 quos
865 4153 966 4209 Wolf.
994 4156 1022 4207 et
1040 4150 1172 4220 quicum
1195 4147 1283 4201 secut'

217 4214 377 4273 tentaverat
395 4218 645 4289 Gcettlingius.
778 4227 843 4280 sunt
863 4227 983 4281 editores
1002 4222 1079 4276 uncis
1102 4218 1285 4286 incluserunt,

253 4284 286 4340 V.
302 4293 362 4344 901.
390 4282 503 4361 Ὥρας]
520 4288 549 4344 si
562 4291 608 4345 oui
623 4291 724 4347 mirum
779 4297 847 4353 satis
867 4297 973 4352 dictum
992 4293 1028 4347 ad
1045 4310 1072 4346 v.
1091 4295 1151 4345 21⁷.
