2892 4902
188 273 253 328 um

190 415 298 480 factae
327 419 404 494 sunt
432 414 611 478 editionum
638 412 891 496 curiosissimus,
919 410 1178 479 Schoemanni
1207 437 1266 500 po-

191 503 370 587 tissimum,
410 501 649 584 Vollbehrii,
694 500 894 586 Lennepii,
939 499 1264 587 Koechlyi-Kin-

191 592 305 676 kelii,
331 591 473 674 Paleii,
505 589 680 668 Welkeri
711 589 838 675 respexi
870 593 1008 674 textum,
1041 595 1074 654 et
1106 591 1265 676 quidquid

192 679 404 747 memorabile
418 679 590 744 videbatur
605 700 688 762 esse,
704 678 876 764 apparatui
889 677 1136 765 Goettlingiano
1151 679 1264 746 adieci.

191 770 231 836 In
250 792 313 854 quo
332 791 399 835 non
417 771 509 833 taceo
528 789 632 852 neque
650 767 823 832 tacendum
841 771 935 853 puto,
954 767 1163 854 Theogoniae
1181 767 1266 834 mihi

193 859 373 942 scripturae
401 856 632 922 adminiculum
666 878 770 940 neque
801 855 897 920 futile
929 878 1033 941 neque
1066 857 1265 941 superfluum

74 963 76 971 ’
191 949 266 1012 inde
281 949 430 1012 exortum
449 968 532 1030 esse,
552 944 686 1030 quodet
705 943 837 1010 Ioannis
856 944 994 1009 Diaconi
1008 944 1265 1048 Allegoriarum,

193 1036 311 1121 quibus
334 1035 427 1099 illust
428 1034 538 1098 randis
561 1055 647 1099 nova
670 1054 709 1097 ex
732 1033 896 1098 codicibus
923 1037 1020 1098 antea
1041 1055 1108 1098 non
1131 1033 1242 1099 collat'
1218 1037 1263 1098 trs

192 1124 314 1190 auxilia
345 1123 489 1208 reperire
520 1122 601 1187 mihi
633 1121 831 1208 contigerat,
868 1126 901 1186 et
933 1122 1086 1206 anonymi
1119 1122 1264 1188 auctoris

192 1233 365 1298 exegeseos
393 1204 584 1296 Byzantiae,
616 1233 715 1295 quam
742 1232 845 1294 nuper
873 1232 889 1274 e
922 1210 1144 1276 bibliothecae
1170 1209 1265 1276 Vati-

191 1324 290 1368 canae
328 1304 360 1365 et
346 1298 535 1367 ttCasana
521 1298 623 1364 tensis
659 1299 823 1362 thesauris
861 1299 1032 1363 erutam
1023 1322 1058 1363 ιιι
1095 1303 1263 1384 aspectum

191 1391 360 1473 lucemque
379 1389 516 1474 protuli,
541 1388 601 1453 et
592 1387 695 1473 ipsius
714 1386 873 1453 scholiast
859 1390 913 1452 tae
930 1387 1083 1452 Vaticani
1105 1388 1264 1453 lectiones

191 1502 265 1548 cum
283 1477 444 1543 industria
462 1480 685 1563 perscrutatus
709 1497 807 1541 eram.
845 1473 969 1551 Quibus
989 1477 1139 1541 omnibus
1163 1477 1262 1542 rebus

191 1590 299 1642 meum
323 1570 516 1652 apparatum
541 1587 579 1630 ex
602 1568 677 1650 part
679 1587 695 1628 e
714 1564 941 1648 perfectiorem
964 1587 1134 1666 meamque
1149 1563 1265 1631 Goett-

191 1657 298 1757 liugii,
327 1653 555 1738 Schoemanni,
588 1651 763 1736 Koechlyi·
769 1651 915 1718 Kinlrelii
943 1653 1129 1719 recensione
1157 1655 1263 1720 multo
1373 1736 1378 1746 .

190 1745 363 1811 certiorem
386 1766 456 1808 esse
480 1742 640 1808 redditam
664 1739 798 1807 confido.

280 1831 330 1897 Ne
345 1832 496 1896 omnibus
519 1831 599 1895 haec
622 1852 708 1894 nova
731 1830 830 1895 editio
854 1830 1037 1914 displiceat,
1059 1853 1127 1896 non
1139 1854 1265 1915 vereor,

191 1942 379 2006 quanquam
406 1919 503 1984 multi
476 1918 592 1984 terit
593 1919 635 1983 ici
661 1918 826 1984 hodiernis
855 1919 1057 2004 temporibus
1086 1919 1125 1984 de
1149 1920 1264 1985 earmi-

191 2009 288 2074 nibus
316 2008 488 2074 Hesiodeis
517 2008 618 2073 verba
644 2006 782 2091 faciunt,
811 2029 891 2091 quos
919 2029 960 2071 ne
988 2007 1107 2094 legisse
1132 2009 1264 2093 quidem

192 2098 338 2165 carmina
369 2095 634 2182 prudentioribus
667 2096 873 2198 exploratum
905 2101 969 2180 est,
1006 2097 1087 2162 satis
1123 2098 1263 2182 habebo,

194 2187 222 2252 si
249 2185 418 2252 nonnullis
445 2186 588 2270 placeat3
621 2185 782 2271 gaudebo,
814 2181 844 2252 si
869 2185 981 2269 paucis
1008 2185 1113 2270 iisque
1136 2186 1265 2251 intelle·

194 2298 258 2363 gen
259 2274 445 2359 tioribus,
436 2274 585 2360 inprimis
608 2273 785 2358 Lehrsio,
809 2273 1014 2382 praeceptori
1039 2275 1262 2360 dilectissime,

191 2365 263 2430 viro
294 2364 438 2430 omnium
476 2363 532 2448 qui
563 2363 659 2428 hodie
691 2325 806 2428 vivurit
838 2357 1040 2450 ἐπικωτάτῳ,
1076 2363 1267 2450 ingeniique

193 2453 339 2519 acumine
359 2450 552 2518 Aristarcho
572 2450 844 2518 Alexandrino'
813 2475 867 2516 ιιι
887 2414 1073 2517 consederit
1048 2455 1084 2536 tr,
1108 2456 1141 2516 et
1164 2450 1260 2517 Har-

192 2543 304 2626 telio,
327 2541 397 2606 viro
418 2541 619 2625 doctissimo,
644 2541 749 2625 quist
719 2541 835 2606 studiis
855 2541 921 2604 suis
939 2539 1122 2607 Homericis
1141 2563 1265 2606 novum

191 2631 287 2696 nobis
308 2634 405 2714 atque
430 2629 708 2730 expeditissimum
732 2630 773 2693 ad
794 2628 1000 2711 quaestiones
1025 2651 1076 2692 me
1077 2629 1176 2693 tricas
1201 2628 1266 2692 sol

191 2719 313 2785 vendas
338 2717 463 2782 aditum
483 2717 639 2782 acerrimo
663 2715 862 2816 praeditus
853 2715 986 2801 mgenio
1006 2735 1195 2797 comparare
1210 2735 1266 2776 au·
1341 2779 1346 2788 ,

194 2831 249 2872 sus
274 2811 332 2872 est.
373 2805 484 2871 Velim
507 2827 667 2870 memores
692 2804 758 2868 sint
781 2803 871 2867 illius
895 2799 1012 2866 Galeni
1036 2800 1125 2866 dicti:
1156 2803 1267 2884 χαλε-

179 2891 269 2962 Ἰιιὸν
292 2893 362 3003 μὲν
385 2889 632 3002 ἄνθρηίωπον
623 2889 717 2958 όντα
736 2887 785 2976 μὴ
805 2885 1094 2997 διαμαρτάνειν
1113 2886 1155 2953 ἐν
1174 2891 1267 2952 πολ-

192 2991 296 3067 λοῖς,
319 2979 363 3049 τὰ
387 2979 511 3094 pta
481 2978 579 3058 ὅλως
601 2976 872 3084 ἀγνοήσαντα,
897 2973 942 3042 τὰ
966 2973 1008 3042 dl
1030 2976 1156 3054 κακῶς
1178 2978 1264 3060 κρί-

193 3097 336 3153 ναντα,
359 3095 403 3136 τα
428 3066 757 3155 desperassem
781 3062 995 3152 γράψαντα.

284 3210 474 3276 Scribebam
488 3211 657 3298 Tubrngae
673 3210 701 3274 d
715 3208 740 3273 Ι;
751 3229 849 3273 mens.
860 3206 942 3272 Nov.
952 3203 1263 3273 MDOOOLXXVII.
