2904 4900
225 290 294 356 328-
675 291 852 347 HESIODI

224 452 398 520 Μαγνησίας
416 447 493 520 παρὰ
514 446 564 513 τάς
582 445 639 504 άπό
659 449 708 519 τῆς
726 445 856 519 ἀφέσεως
879 433 968 504 αότου
986 443 1100 518 Ἀφέτας
1117 447 1296 520 καλουμένας

225 534 453 606 ἀπολειφθῆναι.

614 697 773 765 οιΧνΠ.
801 697 906 786 (168.)

297 821 385 875 Plut.
406 821 499 892 Symp.
519 822 598 892 VIII,
622 829 651 877 8:
675 819 809 891 καθάπερ
834 812 936 876 οὖντὸ
956 821 1013 890 πῦρ
1031 817 1082 889 τὴν
1101 814 1185 888 όλην,
1211 816 1241 885 ἐξ
1260 811 1296 888 ἧς

226 905 366 980 άνήφδη,
386 908 492 981 μητέρα
511 910 560 964 καὶ
579 908 688 980 πατέρα
708 901 797 966 οὖσαν
815 906 932 980 ἤσθιεν,
951 903 989 972 ὡς
1007 902 1022 964 ὁ
1042 907 1092 964 τόν
1111 905 1225 978 Κήόκος
1243 904 1296 978 ψά-

228 1017 283 1067 μον
303 994 332 1060 ἐς
350 993 385 1052 τὰ
401 993 533 1055 Ἡσιόδου
551 993 740 1070 παρεμβαλόν
760 999 879 1067 εἴρηκεν.

609 1229 787 1297 οιΧνΙΠ.
811 1229 914 1318 (169.)

299 1352 410 1408 Schol.
430 1353 510 1409 Ven
530 1354 562 1409 Il.
577 1353 651 1421 XIV,
672 1359 736 1408 119:
756 1348 771 1407 ὁ
791 1352 823 1408 δὲ
844 1348 964 1421 ίππότης
983 1347 1040 1420 ἄρα
1059 1347 1093 1406 οδ
1114 1347 1216 1420 φυγάς,
1235 1344 1294 1404 ἀλλ’

229 1436 351 1504 ἱππικός.
375 1441 424 1495 καί
442 1435 457 1495 ό
474 1436 602 1504 Ἡσίοδος
620 1440 652 1497 δὲ
672 1436 762 1504 οὕτως
779 1436 921 1509 ἀκήκοεν·

549 1562 633 1632 ἰδὼν
656 1562 687 1631 δ’
715 1564 880 1651 ἱππηλάτα
903 1564 1015 1651 κάρυξ.

228 1706 283 1760 ubi
300 1706 475 1761 Bekkerus
493 1707 569 1761 reete
588 1700 668 1774 Κήῦξ
688 1707 815 1762 coniecit.

536 1977 991 2039 MEAAMHOAIA.

627 2167 767 2234 cmx.
797 2166 901 2255 (εει.)

302 2288 428 2344 Strabo
446 2289 519 2343 XIV.
539 2308 565 2359 p.
586 2296 650 2344 642:
674 2289 786 2359 λέγεται
812 2287 844 2345 δὲ
865 2285 978 2357 Κάλχας
1003 2283 1019 2343 ό
1043 2283 1143 2359 μάντις
1161 2283 1221 2358 μετ’
1239 2282 1300 2358 Ἀμ·

231 2372 351 2447 φιλόχου
369 2378 420 2432 τοῦ
438 2372 610 2448 Ἀμφιαράου
625 2376 697 2433 κατὰ
717 2375 769 2447 τὴν
789 2374 821 2434 ἐκ
837 2380 941 2448 Τροίας
961 2373 1103 2432 ἐπάνοδον
1121 2376 1191 2448 πεζῇ
1211 2374 1299 2443 δεῦρο

232 2465 418 2534 (Κολοφῶνα;
444 2467 568 2520 ceterum
595 2485 622 2521 v.
652 2466 764 2532 Quint.
791 2467 899 2536 Smyrn.
921 2465 1004 2533 XIV,
1026 2472 1079 2521 366
1102 2467 1172 2533 seq.)
1194 2459 1300 2533 άφικέ-

203 2571 206 2580 ·
231 2556 314 2608 σθαι·
338 2550 498 2624 περιτυχάν
521 2549 547 2608 δ’
573 2550 677 2609 ἑαυτοῦ
705 2557 845 2625 κρείττονι
872 2552 973 2626 μάντει
995 2549 1069 2609 κατά
1096 2548 1150 2620 τὴν
1175 2547 1299 2621 Κλάρον,

230 2637 328 2715 Μόψφ
352 2642 390 2715 τῷ
414 2643 550 2706 Μαντοῦς
573 2645 623 2712 τῆς
648 2644 793 2712 Τειρεσίου
816 2637 974 2712 θυγατρός,
997 2637 1046 2696 διά
1069 2636 1162 2710 λόπην
1185 2635 1302 2694 άπσδα-

232 2736 301 2786 νεῖν.
336 2726 463 2794 Ἡσίοδος
482 2729 535 2802 μὲν
558 2723 610 2786 οὖν
634 2725 708 2786 οὕτω
732 2752 791 2794 πως
816 2727 996 2798 διασκευάζει
1014 2727 1064 2785 τὸν
1084 2730 1194 2800 μῦθον·
1231 2747 1302 2798 προ-

230 2825 325 2873 τεῖναι
344 2813 398 2887 γάρ
416 2839 442 2873 τι
461 2821 573 2875 τοιοῦτο
591 2822 630 2894 τῷ
649 2816 747 2893 Μόψῳ
765 2816 816 2874 τόν
834 2817 998 2889 Κάλχαντα·

299 2942 416 3029 θαῦμά
435 2940 465 3030 μ’
488 2949 554 3030 ἔχει
572 2943 655 3012 κατὰ
673 2943 789 3031 θυμὸν
808 2943 938 3032 ἐρινεὸς
955 2941 1060 3012 ὅσσον
1079 2940 1242 3010 όλάυδυν

299 3039 399 3127 οὗτος
422 3053 498 3134 ἔχει,
522 3049 640 3138 μικρός
661 3076 723 3139 περ
747 3050 827 3120 ἐάν·
852 3059 958 3129 εἴποις
980 3047 1023 3118 άν
1047 3048 1217 3136 άριθμόυ;

230 3168 282 3226 τόν
302 3166 328 3225 δ’
348 3167 573 3240 ἀποκρίνασθαι·

298 3275 418 3364 μύριοί
438 3283 525 3346 είσιν
549 3278 710 3369 άριθμόυ,
733 3279 816 3368 άτόιρ
840 3282 962 3369 μέτρον
985 3306 1023 3366 γε
1046 3280 1220 3367 μέδιμνος·

298 3376 346 3462 εἷς
370 3383 407 3450 δὲ
429 3386 629 3473 περισσεύει,
652 3385 712 3455 τόν
736 3389 921 3474 ἐπενδέμεν
945 3385 987 3455 οό
1009 3413 1045 3454 κε
1070 3385 1201 3454 δύναιο.

302 3485 348 3569 σός
371 3489 471 3576 φάτο·
494 3496 554 3558 καί
574 3511 657 3578 σφιν
680 3489 828 3580 ἀριθμός
851 3491 1010 3578 ἐτήτυμος
1033 3495 1140 3559 εἴδετο
1164 3491 1304 3579 μέτρου·

299 3596 354 3664 καὶ
377 3596 452 3665 τότε
476 3597 519 3683 δὴ
542 3595 714 3684 Κάλχανδ’
741 3595 849 3678 όπυος
871 3597 1037 3666 θανάτοιο
1060 3597 1198 3677 κάλυψε.

233 3730 301 3792 V.1
330 3740 373 3793 est
399 3738 536 3808 Xylandri
563 3739 698 3794 correctio
726 3734 811 3795 όσσον
839 3734 973 3796 ὀλόνθων
995 3756 1046 3809 pro
1069 3740 1176 3810 vulgat.
1201 3732 1306 3802 ὅσσους

233 3821 385 3890 ὀλόνθους.
408 3821 492 3891 όσους
512 3824 633 3898 ἐρινειός
652 3824 795 3891 ὀλόνθους
812 3827 932 3896 Boius„
951 3828 1027 3896 quod
1045 3828 1148 3897 probat
1167 3827 1305 3882 Schnei-

232 3914 351 3970 dewin.
370 3915 490 3970 laudans
513 3914 658 3970 Meinek.
682 3915 719 3969 ad
742 3915 857 3970 Theocr.
877 3915 917 3984 II,
941 3921 966 3970 3.
1003 3915 1037 3970 V.
1057 3920 1073 3969 4
1093 3908 1128 3969 οό
1146 3933 1178 3968 κε
1198 3910 1305 3970 δόναιο

233 4003 346 4072 scripsit
363 4003 556 4059 Meinekius
584 4005 619 4058 de
637 4004 761 4073 Euphor.
787 4021 815 4073 p.
840 4009 890 4058 103
915 4020 965 4073 pro
985 3998 1038 4059 οόκ
1058 3999 1164 4059 ἐδόναο
1182 4003 1231 4060 vel
1249 3999 1304 4058 οὖν

235 4085 363 4146 ἕδόναιο.
401 4087 563 4161 ἐπενθὲμεν
587 4095 631 4147 est
649 4091 793 4162 Spohnii
812 4091 970 4148 emendafio
995 4093 1040 4161 (de
1059 4093 1127 4148 extr.
1145 4093 1228 4162 parte
1248 4091 1303 4148 Od.

233 4197 260 4248 p.
292 4181 336 4248 72)
359 4196 409 4249 pro
435 4174 607 4250 ἐπελθέμεν,
631 4198 716 4250 quam
737 4180 832 4250 recepi
854 4197 918 4235 cum
943 4179 1191 4236 Marckscheffolio.
1229 4179 1302 4234 V.5

234 4268 330 4324 nescio
349 4284 385 4323 an
403 4267 552 4323 recentiori
571 4270 663 4326 είδετο
681 4270 806 4341 praestet
823 4269 927 4324 τίσατο.
