2948 4896
230 273 272 340 32
587 329 593 338 ,
674 271 844 324 ιιειοαον

320 427 436 513 Αάταρ
454 425 549 512 Ἔρις
572 423 714 514 στυγερὴ
737 428 809 494 τέκε
832 425 894 513 μὲν
918 425 1037 494 Πόνον
1060 424 1261 512 ἀλγινόεντα

231 535 355 621 Λήθην
378 561 412 602 τε
437 532 548 619 Λιμόν
570 558 605 600 τε
628 532 683 600 καὶ
706 529 828 618 ’Ἁλγεα
852 533 1073 620 δακρυόεντα,

226 642 384 728 Ὑσμίνας
406 667 441 708 τε
468 638 602 718 Φόνους
624 665 674 724 τε,
697 637 819 724 Μάχας
841 637 870 707 τ’
894 637 1151 726 Ἀνδροκτασίας
1173 665 1224 725 τε,

231 745 356 814 Νείκεά
378 772 412 813 τε
436 746 580 826 ψευδέας
602 771 637 814 τε
661 743 795 831 Λόγους
815 743 1031 832 Ἀμφιλογίας
1053 773 1103 832 τε,

233 857 429 938 Δυςνομίην
450 849 555 936 ”Λτην
578 876 626 938 τε,
650 850 821 937 συνήθεας
843 849 1050 938 ἀλλήλοισιν,
1248 871 1302 922 230

177 1024 190 1036 ,
220 955 344 1043 Ὅρκον
367 955 419 1042 θ’,
443 952 481 1036 δς
504 953 545 1043 δή
569 964 725 1024 πλείστου
749 959 966 1042 ἐπιχθονίους
989 956 1194 1047 ἀνθρώπους

230 1068 403 1150 πημαίνει,
427 1060 480 1130 ὅτε
503 1063 562 1129 κέν
585 1089 635 1141 τις
658 1059 743 1130 έκάν
767 1064 924 1148 ἐπίορκον
947 1060 1087 1152 όμόσση.

320 1170 437 1255 Νηρέα
461 1166 493 1234 δ’
519 1165 668 1248 ἀψευδέα
690 1170 746 1237 καὶ
769 1166 898 1255 ἀληθέα
921 1174 1056 1254 γείνατο
1079 1170 1228 1256 Πόντος,

230 1274 461 1365 πρεσβύτατον
484 1279 629 1343 παίδων·
654 1271 759 1360 αὐτὰρ
781 1275 940 1342 καλέουσι
964 1276 1121 1362 γέροντα,

302 1471 337 1526 V.
356 1477 417 1526 227.
453 1464 589 1540 Λήθην]
609 1469 739 1524 Ruhnk.
759 1470 884 1526 malebat
900 1465 993 1538 Ἄτην,
1012 1471 1162 1541 Heynius
1181 1467 1296 1542 Λοιμόν,

230 1543 381 1599 Schoem.
395 1559 422 1629 p.
434 1547 468 1596 49
478 1541 569 1611 Δήριν
583 1543 698 1610 propter
711 1541 743 1598 Il.
758 1540 846 1609 XVII,
860 1545 922 1622 158,
937 1541 1056 1611 Bergk.
1071 1542 1126 1598 Lit.
1142 1543 1188 1598 Gr.
1202 1561 1229 1613 p.
1246 1549 1298 1598 992
1331 1551 1346 1570 '

230 1615 288 1669 not.
308 1621 342 1670 68
361 1615 481 1680 Λασθην
499 1613 536 1679 (v.
557 1611 667 1680 System
685 1629 712 1681 p.
733 1614 791 1681 64);
814 1612 869 1666 nisi
890 1611 961 1668 velis
983 1629 1034 1682 pro
1053 1613 1193 1670 oblivione
1216 1615 1299 1670 bene-

230 1685 369 1742 factorum
387 1685 417 1738 in
435 1700 487 1738 nos
505 1683 674 1738 collatorum
692 1683 826 1752 accipere.
860 1683 913 1738 Pro
931 1679 1021 1751 Λιμόν
1040 1685 1076 1740 el.
1095 1677 1211 1755 Λοιμόν.
1244 1683 1300 1754 Λή-

229 1759 289 1824 θην
309 1751 416 1825 Λεῐμόν
434 1772 464 1807 τε
483 1754 543 1808 Μ2.
576 1751 719 1808 Treiectos
738 1759 799 1810 228.
819 1759 879 1809 227.
899 1755 986 1808 hebet
1003 1754 1063 1809 Mi.

302 1827 336 1880 V.
356 1831 416 1879 228.
446 1819 597 1890 Φόνους]
617 1824 747 1886 Mem.
767 1820 884 1894 φόβους.
917 1825 956 1880 cf.
972 1824 1078 1896 Vergil.
1092 1827 1161 1880 Aen.
1177 1827 1224 1896 VI,
1239 1833 1300 1883 276.

230 1897 268 1951 Et
285 1897 376 1950 Metus
394 1896 423 1948 et
440 1893 604 1950 malesuada
621 1894 729 1951 Fames.

301 1967 335 2022 V.
351 1972 411 2020 229.
444 1960 615 2035 ψεόδεας]
636 1966 681 2020 Sic
695 1984 761 2036 pers
775 1966 1299 2036 codicumwmtwelok.Schoem.

230 2038 287 2102 Fl.;
297 2032 409 2106 ψεύδεα
423 2035 493 2102 ΜΞ,
503 2035 628 2090 Goetrl.
639 2037 708 2092 Pal.
717 2037 744 2090 Κ
750 2037 866 2105 oseti,
880 2032 993 2106 ψεάδεά
1007 2057 1037 2092 τε
1048 2033 1142 2107 λόγοις
1156 2039 1217 2107 V1.,
1227 2034 1298 2107 ψεύ-

230 2103 283 2162 δεά
302 2126 332 2161 τε
351 2102 453 2176 λόγους
470 2107 533 2160 Per.
551 2105 679 2176 ψευδέας
697 2127 727 2163 τε
747 2104 857 2178 Λόγους
880 2109 1069 2164 necessarium
1088 2125 1161 2177 esse,
1184 2123 1298 2164 monue-

230 2180 275 2233 rat
294 2178 421 2234 Schoem.
441 2178 522 2233 adh.
542 2196 568 2231 v.

301 2250 335 2304 V.
355 2255 416 2304 230.
446 2245 557 2373 mvi]
584 2249 728 2318 Ruhnk,
752 2250 800 2319 qui
822 2269 848 2305 v.
869 2256 930 2305 227.
970 2245 1048 2318 ’Ἆτην
1075 2249 1222 2319 intulerat,
1251 2250 1298 2305 hic

230 2319 351 2384 coniecit
367 2315 493 2388 Ἀτάτην.
559 2336 605 2374 em
623 2339 649 2375 v.
669 2327 730 2377 224.
750 2338 802 2391 pro
822 2321 916 2390 spurio
936 2319 1050 2376 eierat.
1088 2322 1251 2391 Δυσνομίην
1269 2319 1298 2375 τ’

226 2385 305 2458 ’Ἄτην
319 2391 378 2446 Me.
412 2391 467 2446 Sed
481 2391 540 2446 noli
554 2393 715 2462 Δυςνομίην
735 2393 802 2462 (qus
817 2392 880 2462 quis
894 2392 969 2448 ultro
984 2393 1082 2446 contre
1094 2391 1172 2462 leges
1186 2394 1297 2462 peccet)

231 2463 260 2517 et
274 2459 352 2531 Ἄτην
372 2465 439 2532 (que
457 2461 520 2530 quis
538 2461 580 2516 ita
597 2465 780 2531 perturbetur
799 2463 892 2517 animo
906 2465 992 2531 etque
1011 2469 1183 2534 oecesmtnr,
1202 2466 1235 2518 ut
1253 2465 1300 2519 vel

229 2533 336 2588 invitus
353 2533 462 2620 peccet)
480 2533 645 2602 dispescere.
678 2534 742 2602 Ipse
761 2534 836 2590 enim
849 2533 988 2589 Hesiodus
1007 2550 1055 2589 ees
1074 2534 1146 2590 dixit
1164 2530 1300 2603 συνήθεις

229 2599 368 2674 ἀλλήλαις.
389 2635 421 2643 -
442 2601 658 2692 αλλήλοισιν]
677 2605 729 2660 Vl.
745 2611 769 2661 2.
789 2606 827 2660 M.
837 2611 863 2660 2.
873 2611 897 2660 3.
917 2605 972 2675 its3
990 2603 1141 2678 ἀλλήλῃσιν
1155 2606 1249 2661 ceteri.
1264 2638 1297 2646 —

229 2675 285 2734 Pro
304 2670 448 2743 συνήθεας
466 2674 517 2730 Vl.
533 2671 660 2744 σννήθε.

300 2745 335 2800 V.
355 2751 415 2800 232.
453 2739 507 2800 ὅτε
526 2746 576 2807 τίς
594 2765 631 2800 κε
650 2742 764 2802 Ιί·“εκιόν
783 2763 798 2802 e
817 2747 889 2802 coni.
909 2748 950 2802 Fl.

300 2815 334 2870 V.
355 2823 415 2870 234.
452 2816 507 2871 Pro
527 2812 636 2887 αάτάρ
660 2817 793 2886 (Rh.V1.
814 2812 897 2886 ἀτάρ)
922 2815 1068 2871 Wernik.
1088 2817 1124 2870 ad
1144 2815 1248 2885 Tryph.
1268 2834 1296 2886 p.

229 2893 273 2944 30.
292 2887 418 2942 malebat
436 2879 471 2941 δν
489 2885 534 2956 δή.
571 2887 605 2941 V.
630 2904 701 2958 quae
720 2889 816 2943 monui
834 2889 871 2942 ed
890 2887 1026 2941 Theodos.
1047 2887 1092 2940 Gr.
1112 2904 1139 2955 p.
1159 2892 1220 2942 220.

230 3049 370 3132 Φιλότητα
379 3065 491 3118 λειαίνει
501 3064 634 3119 mendum
647 3065 735 3120 latere
788 3063 870 3130 negle
892 3061 999 3116 entiam
1022 3061 1125 3117 dixeris
1144 3063 1297 3151 <Unzuver-

228 3136 368 3204 putemus.
393 3133 433 3190 cf.
452 3135 566 3190 Fleeh.
581 3134 690 3204 system
707 3153 733 3204 p.
788 3080 957 3202 λθεείςάεἰλ),
976 3128 1043 3196 τούς
1057 3128 1230 3204 ἀνθρωπονς
1244 3155 1297 3204 πη-

232 3212 274 3260 61.
294 3208 351 3260 not.
372 3211 414 3260 23.
788 3204 895 3273 μαίνει,
921 3203 976 3260 nisi
1004 3205 1080 3274 quod
1102 3205 1175 3260 illud
1198 3225 1210 3260 s
1231 3211 1298 3262 onte

265 3276 298 3331 V.
313 3282 374 3330 226.
396 3277 438 3330 De
451 3276 495 3330 his
509 3275 668 3334 numinibus
677 3275 735 3330 vid.
787 3275 838 3330 fiet
860 3277 948 3344 etque
971 3275 1007 3331 de
1029 3275 1168 3332 industrie
1192 3225 1298 3346 (gres),

228 3346 357 3417 Vergil.
377 3349 446 3402 Aen.
465 3347 512 3416 VI,
527 3353 579 3402 274
598 3361 665 3414 seq.‚
684 3345 734 3414 qui
787 3346 841 3401 hoe
855 3363 923 3402 vero
937 3363 1026 3416 peene
1041 3347 1137 3403 invite.
1162 3347 1298 3402 Similiter

228 3418 398 3473 Hesiodeum
424 3418 518 3474 locum
544 3418 610 3472 ante
638 3417 734 3471 oculos
788 3416 899 3487 Systern
926 3437 953 3487 p.
983 3425 1030 3474 64:
1068 3418 1123 3473 ein
1150 3417 1296 3487 pflieht·

228 3489 361 3544 habebat.
389 3487 430 3544 cf.
449 3487 561 3544 Fisch.
580 3486 611 3540 in
628 3486 734 3543 Herma
787 3489 956 3560 widriges
975 3489 1055 3544 oder
1078 3490 1297 3559 unengeneh-

228 3559 295 3614 v111
308 3577 336 3629 p.
352 3566 404 3614 114
418 3577 476 3629 seq.
495 3557 651 3614 Eiehhof.
665 3559 733 3614 Etu·
787 3577 855 3616 mes
877 3561 1080 3630 Vergessen.
1127 3559 1168 3615 cf.
1192 3559 1297 3618 Simon.

229 3631 278 3686 des
291 3646 427 3700 greeques
441 3649 487 3686 sur
501 3629 615 3700 Vergiie
629 3647 656 3698 p.
671 3636 733 3686 393.
787 3631 821 3686 fr.
842 3637 902 3698 181,
921 3631 1063 3700 Aristoph.
1082 3631 1153 3687 Rau.
1174 3636 1232 3686 186.

264 3701 298 3756 V.
320 3707 381 3756 227.
423 3696 558 3772 Λήθην]
583 3701 736 3770 Aptissima
824 3703 859 3758 V.
874 3708 935 3756 230.
959 3697 1070 3772 Ἄτην]
1089 3702 1131 3757 De
1144 3702 1199 3758 hoe
1212 3718 1296 3758 voce-

230 3771 347 3826 esthuic
356 3773 418 3826 loco
432 3771 546 3839 oblivio,
561 3788 634 3840 quee
646 3771 735 3826 nesci·
789 3774 865 3840 bulo,
884 3772 960 3841 quod
972 3767 1047 3841 ἀάτη
1061 3789 1126 3828 oum
1140 3772 1296 3828 Neuekio

228 3845 274 3898 tur
288 3860 322 3897 ex
336 3842 423 3898 enimi
439 3843 562 3911 quedem
574 3842 735 3899 remissione
790 3843 966 3900 scribendum
981 3845 1033 3910 est,
1051 3843 1085 3898 ef.
1101 3844 1240 3898 animadv.
1259 3843 1297 3897 ed

228 3930 370 3996 ee'preve
393 3913 569 3996 securitate..
589 3913 737 4000 Sepiepter
790 3915 872 3985 Oper.
892 3921 952 3968 216.
985 3982 991 4002 Ι

228 3985 733 4143 ἀάἀωθῖαδΙςοδήοεάλεῌιάετιάἀιάεπιχίέἀ-
786 3983 1297 4136 ΡιδήάέάξεάθεοάἀόθῗἀδεΕδξάεδάιῃ

228 4129 307 4190 νέους
325 4129 498 4193 ανθραπους
515 4127 665 4195 πημαίνει,
684 4147 732 4183 οτι
786 4131 833 4181 tus
852 4129 895 4180 est
913 4127 1034 4194 Nereus,
1054 4125 1104 4182 sed
1120 4128 1236 4195 propter
1254 4143 1296 4182 111-

228 4195 279 4252 κέν
297 4217 339 4260 τις
363 4191 436 4250 ἕνόν
460 4189 593 4264 ἐπίορκον
617 4191 732 4270 όμόσση.
787 4198 896 4268 signem
906 4197 1170 4267 dignitatemsuem.
1196 4195 1251 4252 Sed
1262 4197 1297 4252 ef.
1331 4203 1339 4220 '

228 4268 336 4324 Eodem
350 4267 433 4322 modo
447 4267 552 4322 oblivio
570 4267 629 4337 ille,
648 4285 733 4338 quem
786 4269 803 4322 J
809 4269 881 4324 ehn.
901 4269 984 4326 Areh.
1004 4267 1081 4323 Aufs.
1100 4285 1127 4338 p.
1148 4273 1208 4324 128.
