2892 4902
225 349 302 397 LXII

225 495 412 556 Planudes
441 495 556 556 scholia
585 494 624 553 ad
653 493 778 555 Hesiodi
807 494 908 571 Opera
929 498 962 555 et
982 495 1070 572 Dies,
1098 514 1178 572 quae
1201 495 1305 556 adhuc

226 583 340 644 inedita
362 583 481 656 incod.
503 584 631 659 Neapol.
656 583 719 642 165
743 585 855 642 emant.

315 671 424 732 XXIV.
468 670 707 732 Constantini
737 671 908 731 Laccuris
937 665 1110 749 οημειῶσεις
1143 667 1222 745 ιινις
1251 669 1303 733 ἐπὶ

224 763 261 842 τῇ
288 755 393 821 ἀσπίδι
420 763 474 820 τοῦ
496 752 641 821 Ἡσιόδου
666 759 773 818 laudat
798 760 898 821 Iriaru
927 760 966 819 ad
995 760 1058 820 cod.
1081 759 1197 819 LXVII
1219 761 1301 822 Bibl.

225 850 342 910 Matrit.
364 840 408 930 (p.
428 841 508 928 237)
530 851 654 926 propter
677 848 880 923 subscriptum
901 845 981 920 τέλος
1003 848 1224 910 ceramicos
1247 851 1302 910 τοῦ

123 993 126 1000 .
226 933 409 1017 Mendaeum
442 956 519 1014 quae
546 939 649 996 autem
676 935 837 1012 adscripsit
869 937 997 1011 scholia,
1025 955 1062 996 ea
1083 937 1210 997 Diaconi
1234 957 1304 998 esse

226 1027 379 1088 videntur.

315 1115 409 1176 XXV
446 1113 495 1173 Ad
521 1114 751 1173 commentarios
783 1112 907 1172 Hesiodi
935 1117 1056 1190 spectat
1088 1114 1181 1174 etiarn
1214 1109 1304 1192 μετά-

227 1219 336 1282 pacoro
358 1196 449 1276 εἰς
418 1225 474 1281 την
486 1195 630 1262 Ἡσιόδου
652 1200 827 1281 Θεογονίαν,
849 1219 940 1278 quam
949 1199 1037 1262 teste
1060 1201 1154 1262 Suida
1176 1203 1305 1263 Demo-

228 1293 379 1352 sthenes
404 1292 538 1368 Thrax,
561 1290 694 1350 insamae
713 1289 822 1349 aetatis
839 1291 952 1367 rhetor,
974 1295 1196 1367 composuerat
1234 1291 1307 1362 Qua

226 1382 360 1441 aetatem
385 1384 522 1440 nostram
549 1397 609 1438 non
640 1379 757 1438 ferente
784 1396 929 1454 magnum
955 1398 1019 1439 rem
1047 1380 1185 1439 criticam
1208 1379 1306 1441 detri-

226 1471 362 1529 mentum
385 1469 500 1544 cepisse
524 1467 647 1527 dolebat
665 1465 844 1527 Muetzell.
862 1487 892 1543 p.
912 1469 985 1527 290.
1032 1468 1174 1544 Vestigia
1196 1473 1305 1530 eutem

225 1558 420 1634 paraphrasis
439 1556 591 1616 detexisse
609 1555 668 1615 sibi
685 1556 768 1614 vista
791 1557 838 1614 est
859 1554 983 1616 Flach.
1006 1554 1145 1616 Scholien
1168 1577 1198 1632 p.
1225 1559 1303 1618 141.

226 1647 273 1705 De
295 1646 430 1706 eiusdem
451 1644 582 1705 rhetoris
600 1643 779 1719 paraphrasi
798 1641 952 1719 Odysseae
974 1665 1003 1705 v.
1026 1644 1152 1705 Labra.
1174 1644 1307 1705 Pindar-

228 1735 362 1796 scholien
384 1754 413 1810 p.
437 1736 489 1793 51.

433 1918 526 2004 vm.
569 1947 619 2002 De
642 1945 818 2002 codicibus
841 1947 1092 2016 manuscriptis.

316 2085 353 2144 In
374 2085 431 2143 hac
454 2084 548 2166 tertia
565 2083 690 2144 Hesiodi
713 2084 878 2143 carminum
901 2083 1032 2144 editione
1055 2087 1232 2145 constanter
1257 2105 1306 2147 se-

228 2175 290 2234 cuti
308 2192 411 2232 sumus
431 2191 497 2232 eam
515 2173 623 2249 legem,
646 2174 683 2231 ut
700 2171 940 2248 quamproxime
965 2172 1004 2230 ad
1026 2175 1175 2233 rationem
1195 2172 1306 2236 Goett

227 2261 322 2338 lingio
349 2261 509 2338 probatam
535 2261 752 2320 accederemus.
798 2259 905 2334 Itaque
933 2279 1030 2336 neque
1058 2262 1139 2340 sigla
1162 2263 1305 2323 codicum

227 2349 456 2426 molestissima,
484 2367 560 2426 quae
583 2349 787 2424 Goettlingius
810 2347 1032 2424 introduxerat,
1060 2351 1209 2410 mutanda
1233 2371 1307 2413 een-

228 2439 356 2514 suimus,
383 2457 422 2496 ne
449 2438 605 2514 utriusque
633 2435 772 2496 editionis
800 2436 928 2496 lectores
956 2455 1152 2499 numerorum
1175 2439 1307 2500 diversi-

227 2529 292 2588 tate
321 2529 517 2599 vexarentur,
546 2545 643 2601 neque
673 2525 705 2584 in
734 2523 911 2583 adhibendis
938 2526 1091 2586 codicibus
1121 2528 1160 2586 ab
1190 2547 1227 2588 ea
1250 2529 1306 2590 via

228 2613 451 2682 aberravimus,
481 2632 571 2689 quam
599 2614 649 2672 vir
678 2613 870 2672 doctissimus
899 2612 930 2670 in
958 2615 1056 2673 altera
1084 2615 1217 2676 editione
1243 2617 1307 2678 sibi

228 2704 293 2780 ipse
315 2702 560 2778 praescripserat.
604 2701 750 2760 Attamen
772 2703 933 2776 postquam
955 2704 1052 2761 totam
1075 2703 1139 2762 fere
1164 2704 1306 2766 codicum

228 2789 446 2867 supellectilem
469 2788 578 2846 eximia
600 2787 750 2847 industria
773 2793 1011 2850 convasaverunt
1031 2789 1246 2869 Koechlyus
1270 2799 1306 2854 et

227 2877 431 2952 Kinkclius,
456 2876 637 2935 auctoritate
654 2877 867 2936 nonnullorum
884 2877 1031 2937 librorum
1049 2879 1166 2939 factum
1186 2885 1243 2957 est,
1267 2887 1305 2943 ut

231 2967 297 3038 alii,
325 2963 433 3041 quihus
461 2981 534 3022 usus
563 2965 628 3022 erat
652 2963 867 3040 Goettlingius,
895 2968 1051 3042 tamquam
1080 2973 1304 3044 supervacanei

227 3053 334 3128 tabula
351 3053 499 3110 librorum
516 3054 717 3127 moverentur,
739 3052 793 3110 alii
815 3072 873 3128 quo
897 3057 987 3112 antea
1009 3074 1061 3114 eos
1085 3057 1205 3132 dignati
1229 3063 1304 3119 sunt

100 3191 106 3195 .
228 3141 287 3200 viri
309 3140 389 3199 docti
401 3140 513 3198 honore
533 3139 777 3212 destituerentur.
824 3139 909 3210 Quod
933 3143 1055 3218 quidem
1078 3145 1210 3205 mamma
1235 3165 1305 3223 spe-

228 3231 291 3289 ctat
313 3228 351 3286 ad
370 3227 448 3286 Med
467 3227 574 3301 XXXI,
594 3228 646 3301 39,
669 3227 763 3288 Paris.
783 3229 878 3304 2771,
902 3229 1156 3308 Messaniumque,
1182 3235 1303 3297 codices

228 3316 370 3389 omnium,
393 3314 503 3391 quibus
527 3313 628 3391 Opera
645 3319 677 3374 et
694 3315 765 3375 Dies
783 3316 935 3393 leguntur,
959 3319 1049 3396 longe
1072 3323 1305 3398 praestantissi-

227 3422 301 3477 mos,
325 3406 416 3479 atque
435 3401 473 3460 ad
492 3401 569 3462 Med.
588 3402 711 3475 XXXII,
737 3405 787 3478 16,
810 3405 1052 3480 antiquissimum
1072 3409 1215 3486 codicem,
1240 3432 1305 3488 quo

175 3497 177 3502 '
229 3491 403 3568 Theogonis
422 3491 459 3548 et·
472 3488 595 3549 Scotum
613 3489 752 3551 Herculis
767 3493 963 3554 continentur.
1009 3495 1055 3555 Ex
1073 3498 1186 3574 quibus
1206 3500 1306 3560 omni-

228 3581 292 3648 bus,
307 3578 454 3653 imprimis
469 3597 486 3637 e
499 3578 562 3638 cod
576 3577 655 3637 Med
669 3578 773 3652 XXXI,
790 3582 840 3652 ³9,
854 3581 958 3655 plures
971 3583 1117 3645 lectiones
1137 3587 1170 3646 in
1181 3577 1312 3650 textum

228 3669 365 3728 nostrum
392 3669 530 3741 receptae
554 3667 639 3740 sunt,
667 3685 756 3741 quam
779 3685 839 3726 una
867 3687 903 3727 ex
925 3670 962 3729 iis
992 3669 1190 3750 editionibus,
1224 3697 1305 3754 quae

228 3757 318 3814 antea
336 3758 422 3813 erant
439 3754 553 3830 publici
569 3754 645 3813 iuris
670 3754 776 3829 iactae,
801 3756 915 3817 habuit.
962 3758 1069 3836 Neque
1095 3763 1178 3824 enim
1206 3767 1305 3826 omni

228 3842 285 3901 bus
298 3841 436 3918 partibus
454 3841 610 3917 probanda
624 3859 659 3901 ea
672 3841 868 3902 iudicavimus
869 3863 969 3921 ,quae
984 3847 1280 3915 Schoemanuus
1271 3873 1306 3916 ιιι
1395 3831 1401 3842 ’

228 3947 323 4006 parva
346 3930 512 3989 carminum
535 3929 664 3989 editione
686 3949 716 4004 p.
732 3933 770 3990 11
786 3932 942 4007 praefatus
968 3939 1047 3996 erat:
1075 3938 1214 4013 „Poterit
1237 3944 1303 4018 qui

229 4017 298 4077 dem
320 4018 450 4077 fortasse
478 4037 514 4077 ex
541 4019 683 4077 accurata
709 4019 841 4078 omnium
864 4025 1086 4098 comparatione
1109 4027 1189 4086 illud
1213 4031 1305 4107 effici,

228 4105 264 4162 ut
287 4104 420 4165 codicum
448 4106 535 4183 quasi
557 4103 705 4181 quaedam
727 4105 859 4168 familiae
882 4108 1103 4188 describantur,
1127 4123 1223 4193 prout
1247 4125 1306 4180 aut

195 4189 206 4246 ἶ
228 4193 403 4268 conspirant
425 4194 505 4255 inter
523 4213 555 4254 se
572 4194 628 4251 aut
645 4191 829 4272 discrepant,
853 4198 905 4255 sed
923 4204 1072 4276 quantum
1095 4204 1221 4278 quidem
1245 4228 1305 4287 ego

228 4280 397 4358 intelligere
424 4283 522 4359 potui,
554 4281 655 4339 nullus
678 4299 756 4340 unua
779 4282 870 4342 codex
892 4289 946 4344 aut
968 4289 1053 4348 nulla
1075 4310 1138 4351 una
1161 4295 1305 4359 codicum
