2892 4902
1115 306 1231 355 mm

159 453 294 514 ineditae
312 454 432 530 Iosephi
457 452 601 532 86611366
624 456 655 514 66
672 453 824 515 Drancisci
843 452 942 515 Gueti.
968 453 1133 514 Amsteled.
1151 455 1233 531 apud

161 541 323 604 Danielem
339 543 520 603 Elaeviriunr
538 544 676 603 61667.
712 543 749 602 16
764 543 916 620 plerisque
931 541 1077 604 Graevius
1091 541 1232 604 8616666-

161 632 238 691 lium
262 635 384 691 secutus
406 635 480 693 erat.

253 711 312 800 26)
336 717 387 782 Gr.
412 744 453 768 ==
476 719 657 782 Hesiodus
681 739 721 780 ex
743 721 958 782 recensione
978 719 1230 782 1666616016-

163 810 247 882 rici,
270 827 339 870 curn
361 809 496 869 eiusdem
513 809 829 871 animadversionibus.
866 810 994 872 Amstel.
1018 810 1098 886 apud
1122 808 1235 870 Gallet

168 901 267 960 1701.
313 897 493 975 „Accessere
514 901 605 960 notae
626 898 747 974 Iosephi
769 897 928 978 Scaligeri,
950 898 1083 958 Danielis
1105 897 1234 973 Heinsii,

164 986 321 1047 Francisoi
343 985 435 1048 Gueti
457 990 488 1046 et
511 986 655 1064 Stephani
678 985 796 1047 Clerici:
819 1006 874 1047 nec
896 1007 955 1048 uon
977 987 1009 1046 in
1030 987 1232 1048 6166666616-

162 1075 243 1136 mine
275 1075 397 1136 ioannis
430 1074 553 1154 Georgii
587 1075 710 1136 Graevii
746 1075 903 1137 Lectiones
937 1075 1118 1153 Hesiodeae,
1153 1095 1233 1136 nunc

163 1164 327 1239 auctores,
346 1167 378 1224 et
390 1163 526 1225 Danielis
540 1164 658 1226 Heinsii
675 1164 858 1225 introductio
871 1165 904 1225 in
919 1164 1085 1225 doctrinam
1099 1163 1232 1242 Operum

163 1256 195 1314 et
216 1253 342 1312 Diernm
365 1271 433 1313 cum
457 1253 554 1315 indice
578 1252 701 1332 Georgii
723 1251 871 1315 Pacoris.“
916 1254 1066 1330 Repetitio
1090 1253 1232 1314 editionis

165 1341 352 1402 Graevisnae
375 1344 449 1403 erat

254 1423 329 1512 27)*
351 1431 505 1492 Editiones
528 1431 675 1491 Londin
699 1449 726 1492 a.
751 1432 846 1492 1728.
872 1433 966 1491 1739.

254 1513 312 1599 28)
334 1519 487 1580 Hesiodi
509 1519 662 1580 Ascraei
688 1538 777 1596 quae
800 1522 997 1596 supersunt
1024 1537 1099 1579 cum
1129 1519 1234 1580 notis

163 1607 355 1668 rariorum
400 1609 504 1668 Edidit
531 1609 682 1669 Thomas
711 1608 897 1669 Robinson
927 1606 1035 1668 Oxcnii
1071 1625 1098 1666 a
1133 1608 1230 1683 1737,

165 1695 313 1758 clericum
336 1698 495 1774 praecipue
518 1701 647 1760 secutus.
694 1697 882 1775 „Praemissa
910 1700 975 1758 erat
999 1695 1171 1756 dissertatio
1194 1696 1232 1755 de

165 1786 242 1863 vita,
261 1787 380 1863 scriptis
400 1790 431 1846 et
448 1789 548 1848 aetate
565 1786 703 1861 Hesiodi,
720 1788 878 1862 praeterea
896 1775 1018 1846 editidni
1031 1787 1233 1860 accesserunt,

165 1893 243 1951 qvae
275 1874 431 1936 Fabricius
462 1876 494 1935 in
526 1893 581 1935 sua
611 1875 690 1936 Bibl„
722 1873 838 1936 Graeca
868 1875 906 1936 de
937 1873 1069 1935 Hesiodo
1102 1873 1232 1950 scripsit,

164 1963 323 2024 Lectiones
347 1963 469 2024 Graevii
491 1964 658 2026 Hesiodeae
680 1967 772 2041 atque
799 1967 952 2024 certamen
973 1962 1098 2023 Homeri
1120 1965 1152 2022 et
1172 1962 1235 2023 He-

165 2052 241 2114 siodi
274 2071 342 2112 cum
373 2052 496 2114 editoris
528 2052 665 2114 versione
692 2053 802 2113 Latina
831 2056 862 2114 et
887 2052 945 2114 Ios.
974 2052 1112 2112 Barnesii
1143 2051 1232 2112 notis.

163 2141 348 2218 Fragmenta
378 2140 527 2203 Hesiodea
558 2145 648 2202 aucta
679 2141 776 2202 sunt.“
826 2141 907 2201 Usus
938 2145 1004 2201 erat
1030 2140 1233 2201 Robinsonius

164 2232 286 2306 praeter
308 2229 454 2291 editiones
477 2231 569 2291 etiarn
591 2231 729 2306 pluribus
752 2231 844 2292 codic.
865 2229 1092 2291 Oroniensibns.

255 2310 332 2400 29)*
345 2318 495 2380 Hesiodus
509 2338 577 2380 cum
589 2318 669 2380 notis
684 2336 720 2379 ex
733 2318 911 2395 quibusdam
925 2317 1096 2379 auctoribus
1112 2318 1233 2378 selectis

168 2408 454 2484 etinterpretatione
463 2408 795 2469 Latinaemendatiore.
811 2406 947 2468 DdiditI.
958 2406 1031 2466 Tob.
1046 2405 1232 2467 Krebsius.

167 2497 289 2573 Lipsiae
313 2499 407 2558 1746.
443 2499 516 2574 ltep.
542 2501 636 2559 1778.

255 2577 331 2667 30)*
353 2585 456 2646 Editio
478 2586 630 2647 Antonii
647 2585 818 2646 Iamolini
836 2604 863 2650 a.
883 2586 977 2649 1747.
1013 2584 1133 2646 Patavii
1151 2584 1233 2661 apud

165 2674 309 2734 loannem
331 2675 456 2736 Manfrt.

129 2822 140 2839 ,
256 2755 333 2846 31)*
355 2763 480 2824 Hesiodi
493 2763 592 2842 Opere
610 2764 656 2824 ed.
674 2763 953 2824 Kretschmarus
973 2780 999 2822 a
1021 2764 1106 2824 1750
1126 2761 1234 2822 Dresd.

167 2856 199 2913 et
220 2852 302 2928 Lips.
334 2851 407 2929 Rep.
436 2854 531 2913 1776.
576 2852 701 2913 Hesiodi
728 2852 854 2913 Ascraei
880 2871 957 2929 quae
986 2854 1106 2912 exstant
1133 2869 1232 2927 opera.

167 2941 249 3018 lips.
272 2941 353 3018 apud
375 2941 422 3003 Gl.
445 2941 594 3002 Hilscher.
616 2961 642 3002 6.
668 2943 762 3001 1776.

255 3023 313 3110 32)
336 3030 462 3090 Loesn
485 3055 527 3080 ==
550 3030 703 3090 Hesiodi
731 3030 884 3090 Ascraei
910 3047 1000 3106 quae
1024 3030 1170 3089 exstant
1192 3046 1233 3088 ex

164 3119 338 3180 recensione
353 3119 484 3180 Thomas
501 3119 674 3197 Robinsoni,
692 3138 760 3179 cum
778 3119 920 3193 eiusdem,
939 3117 1093 3195 scaligeri,
1106 3116 1232 3194 Heinsii,

163 3207 318 3270 Francisoi
347 3206 449 3269 Guieti
479 3211 511 3269 66
532 3207 651 3269 Ioannis
676 3206 784 3268 Clerici
805 3208 899 3285 notis,
926 3205 955 3268 J.
979 3205 1088 3284 Georg.
1112 3205 1234 3267 Graevii

164 3297 345 3358 lectionibus
376 3297 535 3358 Hesiodeis
569 3298 601 3357 et
627 3296 762 3357 Danielis
795 3295 914 3356 Heinsii
945 3291 1171 3356 introductione
1201 3295 1235 3354 in

165 3386 333 3446 doctrinam
347 3384 480 3462 Operum
498 3388 529 3446 et
541 3385 674 3446 Diei-um.
700 3387 902 3446 Accesserant
918 3385 1081 3445 varietates
1095 3384 1233 3444 lectionis

165 3474 236 3536 lies.
267 3478 299 3534 et
328 3474 393 3536 edd.
420 3477 494 3536 vett.
523 3475 695 3551 scholisque
723 3474 850 3549 inedita,
879 3474 1012 3550 itemque
1034 3473 1110 3534 Dav.
1132 3473 1234 3532 Ruhn-

164 3563 247 3624 kenii
265 3563 538 3624 animadversiones
552 3583 620 3623 cum
634 3563 762 3623 aliorum
776 3563 908 3639 selectis,
928 3565 1050 3623 curante
1065 3561 1123 3622 Ch.
1138 3561 1232 3622 Frid

165 3649 360 3714 Loesnero.
391 3651 475 3728 Lips.
493 3655 593 3713 sumtu
614 3651 746 3730 Georgii
773 3671 799 3712 6.
820 3653 916 3712 1778.
949 3650 1125 3711 0666616666
1143 3651 1234 3711 Loes-

165 3760 255 3802 nerus
270 3745 342 3802 ante
361 3759 463 3802 omnes
482 3741 557 3802 duos
576 3741 692 3802 codices
705 3741 878 3818 Lipsienses
892 3733 985 3820 (Bibl
998 3739 1233 3800 Acad.·Paullin.

165 3848 194 3890 n.
221 3832 319 3890 1278.
365 3829 444 3892 Bibl.
466 3829 548 3892 civit
570 3830 604 3889 L.
627 3830 702 3906 Rep.
724 3831 748 3891 Ι.
772 3833 801 3890 4.
824 3831 868 3890 44
882 3822 927 3910 b.)
950 3832 981 3890 et
1003 3847 1097 3889 unum
1119 3829 1233 3889 Monac.

167 3937 195 3978 n.
218 3921 294 3980 470.
331 3916 405 3996 Rep.
430 3921 514 3980 1787
538 3919 673 3996 Regiom.
696 3918 776 3996 apud
799 3917 906 3979 Unaer.

253 3999 312 4088 33)
336 4007 441 4068 Wolf.
530 4007 661 4069 Wolfii
679 4006 917 4085 Theogoniae
940 4006 1067 4080 editio,
1090 4004 1187 4066 Halae
1206 4024 1232 4065 a.

128 4220 134 4233 ·
255 4178 313 4266 34)
337 4185 392 4245 Br.
416 4210 458 4234 -·--
481 4185 657 4246 Recensio
681 4185 840 4261 Operum
868 4187 904 4244 et
925 4183 1073 4244 Dierum
1095 4183 1128 4242 in
1149 4181 1234 4244 Poet.

167 4271 330 4336 Gnomieis.
366 4274 422 4336 lid.
444 4275 516 4335 Bru
524 4275 600 4336 noli.
623 4274 805 4352 Gtrassburg
831 4274 925 4334 1784.
