2958 4896
244 276 305 341 108
336 243 337 246 Ὺ
580 265 582 276 “
687 275 858 328 remoror

243 428 391 516 μιχθεῖσ’
417 432 454 497 έν
478 428 632 516 φιλότητι
655 428 872 517 πολυχρύσου
893 427 1106 516 Ἀφροδίτης,
1226 465 1231 474 ·
1259 448 1314 498 980

242 534 416 621 Καλλιρόη
439 538 511 603 τέκε
534 537 638 602 παῖδα
661 539 794 623 βροτῶν
817 534 997 622 κάρτιστον
1020 533 1194 621 ἁπάντων,

243 638 435 727 Γηρυονέα,
458 638 518 709 τὸν
541 653 650 708 κτεῖνε
673 645 730 726 βίη
749 637 949 728 Ἡρακληείη

243 751 335 831 βοάν
359 745 446 815 ἕνεκ’
473 745 653 814 εἰλιπόδων
677 743 877 839 ἀμφιρρύτῳ
901 753 952 815 είν
973 745 1155 834 Ἐρυθείῃ]

247 855 390 942 Τιθωνῷ
415 850 448 918 δ’
471 849 556 930 Ἠοδς
577 852 650 918 τέκε
672 854 841 938 Μέμνονα
863 851 1151 940 χαλκοκορυστήν,

242 956 424 1025 Αἰθιόπων
447 960 610 1044 βασιλῆα,
633 959 688 1025 καὶ
709 956 908 1046 Ἠμαθίωνα
931 957 1067 1029 άνακτα.
1260 978 1314 1028 985

243 1060 349 1150 αύτάρ
371 1088 425 1131 τοι
447 1061 595 1154 Κεφάλῳ
618 1063 782 1150 φιτύσατο
806 1067 971 1150 φαίδιμον
995 1064 1091 1152 νίόν,

246 1177 393 1256 ἴφθιμον
419 1170 616 1255 Φαέθοντα,
639 1178 736 1248 θεοῖς
758 1171 943 1238 έπιείκελον
967 1169 1086 1258 άνδρα.

241 1275 303 1344 τόν
327 1277 370 1362 ῥα
392 1275 473 1342 νέον
495 1276 591 1362 τέρεν
614 1273 724 1354 άνθος
749 1273 858 1360 ἔχοντ’
885 1277 1056 1363 ἐρικυδέος
1078 1277 1164 1365 ἥβης

241 1378 336 1449 παῖδ’
362 1378 467 1448 άταλδι
490 1382 680 1468 φρονέοντα
705 1378 926 1469 φιλομμειδὴς
946 1381 1127 1472 Ἀφροδίτη

243 1593 405 1649 narratione
424 1595 460 1660 (v.
476 1597 528 1647 287
543 1595 612 1662 seq.)
631 1593 735 1648 iterum
753 1594 862 1648 intrusa
875 1594 930 1648 boo
948 1585 1135 1664 loeo'prorsus
1149 1596 1242 1651 aliena
1256 1613 1317 1652 esse

243 1665 304 1735 ipse
323 1663 478 1719 Clericus
493 1662 579 1731 vidit,
599 1664 649 1732 qui
666 1667 779 1734 praeter
796 1665 870 1719 hane
891 1664 922 1718 in
945 1667 1005 1720 toto
1024 1666 1146 1723 Hesiodo
1164 1667 1211 1722 vix
1229 1667 1317 1721 ullam

243 1734 492 1804 interpolationem
515 1734 649 1790 odoratus
673 1738 724 1790 est.
765 1735 895 1804 Inprimis
918 1752 1014 1790 versus
1037 1737 1237 1808 980..ineptus
1264 1739 1315 1793 est.

244 1807 396 1874 Nunquam
422 1803 510 1871 enim,
538 1805 562 1858 si
588 1809 665 1861 recte
693 1805 821 1870 memini,
848 1807 902 1860 hoo
932 1822 1015 1861 sensu
1040 1807 1139 1862 Graeci
1163 1808 1259 1862 dieunt
1284 1805 1316 1862 έν

243 1871 372 1944 φιλότητι
389 1870 556 1944 Ἀφροδίτης.
589 1877 654 1930 Alia
672 1894 716 1931 res
736 1879 778 1931 est
799 1874 985 1944 OdyssV111,
1001 1883 1061 1932 288.
1077 1907 1110 1917 --
1129 1879 1259 1946 Ineptum
1274 1881 1318 1933 est

244 1947 332 2002 etiam
359 1949 451 1999 παῖδα
484 1946 591 2017 βροτῶν
620 1941 770 2014 κάρτιστον
797 1941 945 2014 ἁπάντων,
978 1963 1041 2000 aum
1070 1947 1230 2015 Geryoneae
1258 1966 1316 2003 non

243 2015 439 2108 minus'fuerit
457 2016 525 2071 deus
544 2034 629 2088 quam
649 2017 807 2087 Typhoeus.
827 2046 861 2056 —
884 2011 1063 2087 Ὠκεανοῦ]
1083 2016 1142 2071 Va.
1159 2011 1315 2110 Ὡκεανοοῖσ,

245 2087 430 2214 ωκεαλιίῒνδὸέ.
438 2094 672 2227 1κάρτιστον]
692 2151 838 2210 κάλλιστον
856 2155 919 2208 Bar.

315 2229 350 2286 V.
370 2235 430 2284 982.
469 2226 664 2299 Γηρυονέα]
700 2227 745 2280 Sic
776 2225 837 2278 Vat.
861 2226 921 2279 Ma.
949 2225 1005 2278 Va.
1035 2226 1080 2282 Tr.
1110 2227 1192 2284 Taur.
1217 2227 1315 2296 Steph.

246 2299 338 2354 Ceteri
354 2299 494 2368 Γηρυονῆ,
514 2299 590 2368 quod
603 2296 775 2367 praetulerat
788 2295 998 2350 Hermanuus
1012 2297 1029 2352 l.
1044 2297 1063 2352 1.
1078 2316 1104 2366 p.
1121 2303 1180 2353 165.
1211 2297 1316 2354 Gaisf.

242 2369 307 2425 Par.
327 2369 487 2438 Γηρυονῆα,
507 2369 581 2438 quod
599 2368 715 2436 propter
732 2367 853 2420 metrum
871 2366 1010 2421 violatum
1029 2368 1239 2438 exstirpandum
1254 2385 1315 2424 esse

243 2441 386 2511 perspexit
408 2440 529 2494 Raaoh.
553 2437 667 2491 Dialekt
689 2455 716 2506 p.
736 2442 796 2491 407.
837 2437 916 2492 Idem
938 2439 1055 2508 praebet
1076 2441 1182 2495 lemma
1205 2439 1314 2496 scholii.

245 2512 300 2567 Sed
319 2511 353 2566 ef.
373 2511 460 2566 schol.
479 2509 553 2563 Mon.
573 2502 714 2575 γράφεται
734 2503 890 2578 Γηρυόνην.

316 2582 350 2636 V.
371 2587 431 2636 983.
469 2579 573 2649 βοῶν]
593 2576 692 2632 Malim
712 2579 778 2650 βάν.
797 2597 824 2634 v.
837 2580 957 2636 Antiatt.
977 2597 1021 2651 ap.
1041 2581 1143 2636 Bekk.
1163 2581 1266 2636 Aneod.
1286 2600 1315 2651 p.

245 2646 420 2706 84:13063’
440 2645 573 2703 άντλτού
594 2645 668 2720 βοός.
711 2652 862 2719 Σοφοκλῆς
878 2647 990 2724 Ἰνάχῳ,
1016 2655 1045 2706 et
1062 2670 1089 2720 p.
1110 2658 1192 2707 1196:
1221 2649 1315 2707 ἰστέον

242 2721 293 2791 δέ,
311 2717 356 2776 ὅτι
375 2719 484 2788 εύρὲθη
502 2719 553 2772 τοῦ
577 2720 646 2790 βσύς
669 2714 687 2807 η’
708 2717 805 2789 γενικὴ
831 2717 867 2775 σύ
891 2717 979 2792 μόνον
998 2717 1077 2793 βοός,
1101 2717 1171 2776 άλλά
1195 2722 1245 2776 καλ
1263 2721 1314 2777 τοῦ

246 2794 298 2864 βσύ
317 2788 395 2860 παρὰ
414 2793 565 2858 Σοφοκλεῖ
578 2787 611 2845 έν
627 2786 724 2864 Ἰναχῳ
740 2793 790 2846 καλ
808 2787 885 2860 παρά
905 2793 942 2864 τῷ
962 2787 1097 2864 Αἰσχύλῳ.
1116 2820 1151 2832 -
1171 2792 1314 2862 Synizesin

246 2865 321 2933 βοῶν
338 2879 395 2917 non
413 2861 554 2915 immerito
573 2861 699 2917 defendit
716 2863 838 2917 Raaeh.
858 2863 876 2916 l.
891 2863 909 2917 1.
928 2880 955 2931 p.
976 2868 1037 2916 408.

315 2934 349 2990 V.
369 2938 430 2987 986.
466 2951 520 2985 τοι
538 2931 780 3059 ΚεφάλφὲΡ2.
807 2931 984 3003 Τρικεφάλφ.

315 3005 348 3059 V.
368 3008 428 3057 989.
466 2997 593 3073 άταλά]
623 3003 669 3058 Sio
721 3004 802 3059 uiet.
830 3002 891 3057 Em.
919 3003 976 3058 Vt.
1006 3004 1051 3057 Tr.
1076 3003 1159 3058 Taur.
1182 3004 1246 3058 Vat.
1274 3003 1314 3072 (in

244 3073 372 3144 margine
390 3073 437 3126 hio
455 3067 566 3141 ἁπαλά,
585 3076 618 3127 ut
636 3075 741 3144 ceteri).

277 3267 311 3321 V.
336 3272 495 3322 ose-991.
545 3267 751 3339 Φαέθοντα]
807 3268 960 3337 Hoynius
977 3285 1044 3324 vero
1059 3285 1093 3324 ex
1110 3269 1204 3339 glossa
1218 3267 1318 3323 addita

243 3338 383 3392 Pausan.
410 3337 436 3405 1,
456 3344 485 3392 3:
521 3334 627 3407 ταύτης
658 3337 754 3394 ἔπεστι
808 3355 870 3394 esse
889 3339 1078 3395 arbitrabatur
1096 3339 1245 3395 verbauul
1260 3334 1314 3406 φύ-

243 3408 282 3479 τῷ
301 3403 416 3480 κεράμῳ
435 3409 486 3477 τῆς
500 3408 584 3471 στοάς
601 3404 752 3479 άγάλματα
808 3414 881 3464 λακα
904 3407 1017 3480 έτςίησε
1042 3411 1092 3465 τοῦ
1112 3411 1185 3466 ναού
1208 3409 1245 3464 ab
1262 3409 1314 3463 ali-

244 3476 334 3546 όιιτῆς
361 3479 426 3546 γῆς,
458 3475 557 3548 άφιελς
585 3477 696 3548 Θησεύς
724 3476 754 3543 ἐς
808 3498 864 3550 quo
878 3481 1000 3548 homine,
1015 3482 1060 3536 oui
1072 3481 1189 3536 Hesiodi
1202 3496 1315 3535 carmen

244 3545 396 3604 θάλασσαν
409 3551 542 3620 Σκίρωνα
561 3550 611 3605 καί
624 3550 753 3620 φέρουσα
806 3552 836 3606 iu
864 3551 958 3607 animo
985 3553 1128 3608 haerebat.
1175 3551 1314 3606 Neutrum

240 3615 347 3689 Ἡμέρα
371 3620 521 3692 Κέφαλον,
548 3613 582 3675 δν
605 3617 753 3677 κάλλιστον
807 3623 909 3693 placet.
956 3621 1096 3692 Cephalus
1128 3625 1221 3678 ουείσε
1254 3623 1316 3676 erat

235 3685 400 3761 ,γενόμενόν
427 3710 517 3762 φασιν
547 3687 604 3746 iat
630 3688 753 3762 Ἡμέρας
807 3693 908 3763 templi
923 3693 1069 3762 Hemerae,
1083 3694 1231 3749 Phaethon
1242 3695 1311 3747 tern-

245 3757 415 3831 ἐρασθείσης
443 3758 630 3834 ἁρπασθῆναι
653 3761 756 3818 καλοί
806 3763 848 3832 pli
866 3764 990 3818 Veneris.
1032 3765 1109 3820 Haeo
1132 3763 1245 3819 uberius
1269 3779 1314 3817 ex·

243 3834 335 3887 παῐδα
353 3832 491 3902 γενέσθαι
511 3832 672 3889 Φαέθοντα.
704 3833 753 3888 καλ
806 3833 900 3903 posita
918 3837 998 3890 erant
1018 3835 1048 3888 in
1067 3836 1197 3904 oatalogo
1215 3832 1314 3888 mulie-

265 3902 357 3958 ύλακα
367 3901 482 3992 ἐποίησε
497 3905 547 3959 τού
561 3905 640 3960 ναοῦ.
661 3905 752 3959 ταῦτα
806 3923 877 3958 rum.
923 3904 961 3960 Of.
981 3904 1238 3961 Marksobeflel.
1257 3903 1313 3958 He-

240 3977 320 4028 αλλσι
334 3993 363 4030 τε
385 3975 434 4029 καλ
450 3976 573 4037 Ησίοδος
591 3978 703 4046 είρηκεν
718 3971 750 4030 έν
807 3976 887 4042 siodi,
908 3975 1017 4032 Eumeli
1035 3980 1087 4032 eto.
1107 3995 1133 4046 p.
1153 3981 1196 4030 93.
1234 3972 1313 4029 Oete

242 4041 641 4115 έπεσιτσῖςέςτάςηνναῖκας.
661 4045 748 4112 Quem
804 4047 1025 4102 rumSohoom.
1040 4065 1067 4116 p.
1078 4052 1130 4102 282
1144 4045 1312 4100 Pausaniam

241 4115 336 4171 loeum
345 4117 386 4172 sio
393 4117 588 4186 corrigendum
599 4135 658 4172 esse
668 4119 749 4187 puta-
803 4117 954 4172 Hemeram
969 4118 1112 4186 appellare
1123 4117 1203 4171 illam
1213 4116 1311 4184 Deam,

241 4188 291 4243 bat
310 4188 472 4243 Wolfius:
498 4181 533 4242 δν
552 4188 601 4242 καλ
618 4183 636 4258 ἡ
655 4185 750 4257 Ἅφρσ-
804 4204 877 4255 quae
893 4189 969 4258 apud
983 4187 1137 4242 Hesiodum
1148 4182 1219 4250 Ἠὼς
1233 4186 1312 4243 audi-

242 4261 306 4327 δίτη
324 4254 441 4328 φύλακα
463 4254 578 4328 έτιοίησε
596 4259 647 4314 τού
667 4259 749 4326 ναοῦ,
805 4259 885 4326 verit,
901 4262 977 4314 reote
995 4259 1112 4313 monuit.
