2892 4902
1141 367 1243 415 XXVII

175 515 259 574 cuius
293 515 385 574 eliam
417 513 692 574 Marckscheffclius
725 511 839 575 mem'or
870 515 929 574 fuit
960 535 988 591 p.
1020 517 1077 576 69:
1103 507 1244 588 Ἡσίοδος

175 598 270 681 ὄνομα
287 593 401 681 κύριον,
430 595 446 662 ὁ
469 596 523 680 τὴν
546 602 646 663 αίσίαν
664 595 738 664 ὁδὸν
760 594 972 682 πορευόμενος·
996 598 1092 684 Ἔργα
1114 597 1170 684 γὰρ
1193 601 1243 663 καί

169 681 300 771 Ἡμέρας
323 689 433 772 ἔγραψε
456 684 531 771 πρὸς
553 685 607 770 τὴν
630 692 698 772 βίον
722 689 861 771 ἐργασίαν
887 689 937 752 καὶ
960 691 1151 770 νομοθεσίαν.
1198 691 1242 754 Of.

175 779 325 840 Ahrens.
345 781 381 840 de
400 781 573 841 ὥο1.ΑοοΙ.
592 801 620 857 p.
642 783 691 840 96.
729 781 843 852 Eodem
865 782 953 842 modo
975 782 1146 840 Pindarum,
1163 781 1244 841 fame

177 871 242 928 erat
265 871 301 928 de
319 868 450 930 Hesiodo
470 870 625 945 scripsisse
644 862 819 948 ἀνθρώποις
841 865 946 949 μέτρον
968 867 1043 949 ἔχων
1066 871 1189 949 σοφίης,
1213 874 1244 930 et

176 951 317 1036 σοφιστής
340 958 491 1018 Hesiodus
511 957 608 1018 dictus
629 961 712 1018 esta
735 956 868 1020 Cratino.
905 959 963 1018 Sed
986 979 1083 1035 neque
1106 961 1144 1019 ad
1167 960 1244 1020 hanc

175 1047 303 1107 nominis
330 1047 553 1108 conversionem
580 1065 655 1123 opus
684 1050 749 1106 eret
776 1050 812 1106 ut
839 1048 1048 1125 confugerent,
1080 1067 1176 1125 neque
1205 1049 1244 1108 ed

174 1134 327 1195 Welclreri
354 1136 549 1205 seniculiam,
578 1137 630 1213 qui
658 1155 725 1195 cum
752 1130 816 1218 ᾅδω
845 1139 1004 1214 cognatum
1038 1155 1104 1197 esse
1135 1156 1243 1197 nomen

176 1223 256 1289 clim,
274 1225 403 1300 putebat
427 1217 554 1304 (Trilog.
582 1244 612 1301 p.
637 1217 702 1306 12).
747 1223 853 1284 Potius
881 1226 1008 1302 duplicis
1036 1226 1243 1303 originationis

174 1313 225 1373 via
247 1315 345 1389 petet:
368 1316 422 1373 aul
444 1313 574 1373 deducas
597 1332 720 1374 necesse
743 1316 790 1374 est
813 1314 851 1373 ab
873 1312 939 1391 ίημι
962 1317 993 1374 et
1016 1307 1099 1391 ὁδός,
1129 1315 1161 1373 in
1184 1333 1244 1391 qua

175 1419 231 1478 ego
256 1403 404 1462 sententie
427 1403 499 1462 olim
521 1421 589 1462 cum
612 1403 712 1480 Etym.
736 1403 776 1463 M.
800 1422 829 1478 p.
853 1405 926 1478 438,
954 1404 995 1462 20
1018 1403 1077 1480 lui,
1099 1406 1135 1462 ut
1157 1403 1244 1480 quasi

173 1483 293 1571 ἡγεμὼν
320 1483 393 1552 ὁδοῦ
420 1491 542 1552 virtutis
572 1494 602 1551 el
632 1492 786 1564 scientiae,
813 1492 833 1550 i.
857 1511 882 1550 e.
905 1510 1013 1567 parens
1035 1490 1243 1568 philosophiae

175 1579 326 1640 Hesiodus
340 1598 406 1639 esse
420 1580 581 1654 videretur,
596 1598 767 1656 quanquam
781 1580 854 1638 haec
868 1579 1046 1656 significatio
1061 1580 1243 1640 subobscure

174 1669 231 1728 hoc
249 1668 368 1727 nomine
391 1668 554 1741 indicatur,
577 1670 632 1726 aul
649 1669 688 1727 ab
710 1661 822 1745 ἥδομαι
839 1668 888 1727 vel
910 1661 975 1744 ἥδο
999 1670 1030 1727 et
1053 1660 1136 1744 ὁδός,
1161 1672 1194 1728 ut
1217 1671 1242 1728 is

176 1755 377 1832 significetur,
401 1755 453 1833 qui
475 1756 608 1832 gaudeat
630 1774 665 1815 ee
687 1756 749 1831 via,
773 1774 863 1832 quam
882 1759 995 1816 rectam
1014 1756 1243 1835 demonstravit3

175 1836 246 1917 ὁδός
269 1844 348 1905 enim
371 1845 481 1904 dicitur
503 1848 535 1905 el
557 1845 594 1904 de
615 1845 738 1905 consilio
758 1863 775 1903 a
794 1844 852 1904 diis
872 1846 942 1905 dato
961 1864 1015 1921 per
1034 1848 1130 1906 sortes
1150 1837 1244 1925 (Ari-

176 1934 290 2010 stoph.
318 1935 372 2010 Eq.
399 1914 511 2014 i015),
539 1937 570 1994 et
598 1934 634 1993 de
660 1934 723 2011 via,
757 1952 848 2010 quam
875 1934 1047 2011 philosophi
1072 1937 1243 1995 monstruni

175 2016 217 2103 (v.
240 2021 439 2083 Parmenid.
462 2043 491 2099 p.
516 2025 568 2084 28.
592 2024 642 2083 30.
667 2025 718 2084 32.
742 2025 783 2083 36
810 2015 1029 2103 Karslcnii)¹⁵).

175 2209 222 2265 die
247 2209 373 2264 ethische
397 2209 541 2279 Richlung
565 2208 657 2263 dieser
678 2208 777 2264 Pocsie
802 2209 909 2276 finden3
934 2225 1018 2264 wenu
1041 2208 1080 2264 sie
1105 2208 1173 2264 uber
1195 2209 1242 2265 be·
1278 2247 1281 2256 ι

175 2281 316 2350 haupten,
342 2281 392 2335 der
415 2281 530 2334 Dichier
553 2280 594 2334 sei
616 2281 646 2333 in
668 2280 804 2335 Boeotico
822 2275 953 2342 Alccddoe
976 2281 1102 2351 genennt
1119 2280 1242 2349 worden,
1276 2299 1278 2302 ·

176 2369 208 2407 so
226 2351 299 2422 liegi
311 2351 387 2405 wohl
401 2352 448 2406 ein
460 2351 583 2405 Irrlhum
598 2350 647 2404 des
661 2349 922 2406 Berichlsrslatters
941 2367 1003 2418 νοις
1024 2351 1099 2405 denn
1114 2346 1244 2413 Ἡσίοδος

174 2423 281 2477 konnte
301 2421 362 2475 sich
380 2421 460 2476 nicht
478 2420 508 2474 in
522 2419 650 2482 Alolodoe
668 2420 855 2486 verwandeln,
874 2421 950 2476 wohl
968 2421 1036 2476 aber
1054 2421 1149 2476 wdrde
1169 2424 1243 2476 nach

177 2493 240 2546 dem
268 2491 452 2561 Lautgcselac
479 2491 527 2545 des
554 2490 720 2545 bdoiischen
746 2489 876 2545 Dialekts
903 2489 1031 2552 Αίσίοδος
1059 2492 1089 2546 in
1113 2486 1243 2555 Ἡσίοδος

176 2562 346 2632 dbcrgehen.
383 2562 449 2616 Nun
471 2559 560 2617 hoissi
582 2560 649 2615 aber
672 2562 722 2616 der
740 2559 857 2616 Dichter
879 2561 1049 2616 urkundlich
1071 2562 1102 2615 in
1125 2561 1244 2617 Bdoiien

177 2629 323 2700 Elolodoe,
341 2631 395 2687 wie
413 2632 459 2687 die
477 2633 582 2687 Boccor
603 2631 788 2701 regelmassig
806 2635 837 2686 H
851 2632 905 2687 mil
923 2635 959 2686 Ει
977 2633 1174 2700 veriauschen3
1193 2633 1243 2688 da-

176 2704 270 2759 durch
283 2703 354 2759 wird
368 2703 429 2758 also
443 2703 489 2758 die
502 2701 789 2774 gemeingriechische
802 2703 887 2758 Form
900 2703 1045 2774 Metiligi.
1082 2703 1139 2759 Der
1152 2703 1243 2759 Name

175 2776 277 2848 bcsagi
304 2775 392 2830 wohl:
422 2789 452 2829 er
483 2775 554 2846 geht
581 2774 677 2829 seinen
699 2773 782 2844 Weg,
810 2773 904 2830 indem
932 2772 1008 2829 ίέναι
1035 2774 1065 2829 in
1092 2774 1243 2830 medialcm

177 2847 245 2902 oder
262 2845 422 2902 reflexivem
441 2845 527 2900 Sinnc
551 2863 586 2900 zu
608 2845 702 2901 faesen
733 2846 802 2901 ist.“
854 2844 931 2912 Quae
950 2846 1090 2900 infirmare
1120 2845 1244 2901 lentavit

177 2916 356 2974 Susamihl.
392 2917 411 2971 l.
438 2918 457 2973 l.
480 2935 508 2987 p.
542 2921 593 2972 odd
624 2933 695 2986 seq„
724 2914 774 2986 qui
800 2933 903 2971 nomen
931 2911 1062 2971 Ἠσιόδου
1095 2917 1146 2971 uui
1179 2934 1243 2971 cum

177 2988 310 3044 Clemm.
325 2988 359 3044 de
374 2987 536 3058 compositis
551 2986 729 3055 Graecorum,
748 3003 821 3057 quae
840 2988 874 3043 de
893 2987 986 3044 verbis
1004 2987 1144 3056 incipiunt
1160 3005 1187 3058 p.
1208 2993 1242 3042 28
1290 3007 1292 3012 ·

176 3060 211 3114 de
230 3056 305 3114 ίένοα
325 3063 353 3114 et
372 3054 450 3132 ςὸδήν
469 3059 652 3114 derivandum
671 3062 757 3128 alque
777 3057 937 3126 „Dichlcr“
955 3059 1002 3114 vel
1021 3058 1162 3129 „Serges‘
1181 3076 1242 3113 ver-

175 3131 307 3197 tendum,
332 3133 382 3186 aul
404 3131 439 3186 de
462 3127 540 3185 ίέναι
562 3132 591 3185 ei
612 3125 683 3184 ὁδόν
706 3133 791 3199 alque
821 3146 905 3185 sensu
927 3129 1020 3184 solive
1044 3129 1171 3198 „Sender
1193 3130 1243 3186 des

175 3201 285 3271 Wegs“
303 3201 322 3255 i.
342 3217 366 3256 e.
390 3200 462 3269 „des
484 3200 692 3272 Lebenswegs“
715 3200 940 3271 intellegendum
958 3217 1019 3256 esse
1038 3201 1153 3255 cenaust.
1192 3201 1243 3257 Ce-

175 3275 268 3328 lerum
286 3273 322 3327 de
344 3272 434 3327 forma
453 3270 585 3336 Είσίοσος
606 3291 632 3328 v.
651 3271 736 3327 Keil.
761 3270 867 3341 Syllog.
890 3272 976 3326 luscr.
995 3272 1092 3327 Boeoi.
1112 3289 1139 3342 p.
1160 3278 1195 3326 94
1214 3274 1243 3328 ei

176 3343 278 3399 Philol.
296 3342 383 3398 XXV.
402 3343 469 3399 fasc.
488 3345 523 3398 ΙΙ.
547 3361 575 3413 p.
594 3348 656 3398 231.
692 3341 883 3413 Goettling.
921 3341 1104 3413 spicilegium
1122 3343 1243 3398 alierum

175 3416 357 3484 fragmentor.
376 3414 441 3470 Hes.
460 3432 489 3485 p.
508 3422 539 3481 43
558 3414 593 3469 dc
611 3411 740 3476 Αίσίοδος
757 3414 851 3483 Elym.
870 3412 941 3471 (lud.
960 3432 988 3484 p.
1007 3420 1068 3482 249,
1087 3419 1134 3468 49:
1153 3412 1243 3468 Αίοίι·

176 3486 240 3549 πῶς.
278 3480 293 3541 ὁ
317 3481 370 3555 τὴν
392 3485 489 3540 αίσίαν
511 3481 581 3541 ὁδὸν
603 3481 802 3555 πορευόμενος.
830 3477 902 3554 -ἢ
926 3479 971 3539 ὅτι
993 3483 1090 3547 αίσίως
1118 3479 1242 3556 ἒβοίδισε.

158 3555 218 3612 -cl
236 3557 330 3627 Etym.
349 3557 386 3612 Μ.
399 3575 426 3628 p.
441 3561 502 3626 438,
521 3561 563 3613 20.
600 3555 642 3610 De
661 3558 756 3626 etymo
773 3575 800 3612 ·v.
820 3555 912 3625 Elym.
931 3556 969 3610 M.
988 3574 1015 3626 p.
1035 3562 1078 3623 38,
1097 3561 1144 3609 24:
1163 3551 1242 3626 παρὰ

176 3623 208 3682 τὸ
227 3621 286 3697 ἥσω
305 3625 441 3698 μέλλοντα
464 3627 512 3681 καί
539 3623 571 3681 τὸ
595 3621 671 3690 ὁδός.
691 3658 725 3668 -
743 3622 840 3698 μνήσω
858 3627 1039 3696 Μνησίθεος,
1059 3622 1149 3695 στήσω
1168 3629 1243 3695 Στη-

177 3700 295 3768 σίχορος,
314 3694 404 3762 οὕτως
422 3693 480 3768 ἥσω
496 3694 630 3760 Ἡσίοδος.

250 3771 294 3839 15)
321 3770 437 3825 Rectius
465 3769 583 3840 Bergk.
607 3769 626 3825 l.
654 3769 674 3824 l.
698 3787 726 3839 p.
758 3774 824 3823 9192
857 3767 946 3837 „Man
969 3769 1022 3822 hai
1051 3768 1162 3824 freilich
1193 3769 1242 3824 be·

176 3841 309 3911 haupiet,
335 3841 385 3895 der
402 3841 493 3895 Name
511 3840 617 3895 Hesiod
634 3839 785 3895 bezeichne
804 3839 882 3894 nichl
900 3839 946 3894 ein
963 3839 1155 3909 Individuum,
1179 3856 1242 3895 son-

177 3912 246 3966 dem
264 3911 325 3966 cine
344 3927 432 3980 ganzo
451 3912 562 3977 Klaase,
582 3927 612 3965 ee
630 3910 672 3965 sei
690 3911 735 3966 ein
753 3910 990 3980 Gallungsname,
1013 3929 1066 3964 nur
1083 3910 1243 3966 feierlicher

57 4009 59 4014 ·
176 3982 235 4036 und
256 3981 400 4036 aicrlicher
422 3982 465 4036 als
488 3983 538 4037 das
560 3981 697 4037 schlichie
716 3981 823 4053 sanger
845 3981 914 4036 oder
931 3981 1054 4036 Dichter.
1091 3982 1136 4035 Da
1157 3982 1243 4037 droht

175 4052 285 4108 freilich
309 4052 354 4108 die
378 4053 554 4124 ehrwilrdige
579 4052 775 4124 Eracheinung
797 4052 846 4106 dea
869 4052 976 4107 Hesiod
999 4052 1058 4106 sich
1080 4051 1185 4108 wieder
1208 4069 1242 4106 au

175 4123 266 4178 ciuem
276 4123 444 4178 Nebclbilde
462 4141 497 4178 zu
510 4124 726 4193 werfldchiigem
745 4121 831 4178 allein
846 4123 912 4194 jene
926 4123 1059 4192 Deuiung
1075 4121 1113 4177 ist
1130 4123 1243 4193 sprach·

175 4194 283 4266 widrig.
320 4194 426 4249 Hesiod
448 4194 487 4248 isi
508 4195 554 4250 ein
577 4211 651 4250 awar
673 4194 920 4265 ungewdhnlicher
942 4195 1011 4249 aber
1028 4193 1134 4263 richtig
1151 4193 1242 4264 gehil-

175 4265 255 4321 deler
271 4265 457 4336 Eigenname,
480 4266 530 4320 der
548 4284 595 4320 um
615 4282 646 4320 so
663 4265 788 4336 weniger
805 4264 857 4318 auf
873 4265 934 4320 eine
953 4264 1112 4335 mythische
1131 4264 1244 4320 Geruli

176 4335 321 4407 hinweisi,
349 4337 387 4392 da
412 4335 551 4392 keinerlci
581 4337 745 4406 Berichung
772 4336 823 4391 auf
852 4335 897 4390 die
924 4336 1031 4404 Kunst,
1058 4335 1166 4390 welche
1192 4335 1243 4390 der
