2892 4902
293 557 338 613 11.
371 558 421 612 De
444 560 608 627 tempore,
632 572 701 628 quo
724 558 895 614 Hesiodus
918 557 1053 615 vixerit.

226 676 272 737 De
292 680 392 738 aetate
411 677 536 738 Hesiodi
554 697 698 755 quaerere
717 679 925 738 difficillimum
946 681 1006 754 est,
1031 680 1111 757 quod
1130 699 1207 756 quae

138 767 195 827 sub
220 768 284 826 eius
312 767 431 827 nomine
460 766 712 827 circumferuntur
738 769 871 827 carmina
892 787 952 828 non
975 769 1027 828 uni
1051 769 1207 846 eidemque

137 858 245 932 poetae
260 856 428 916 adscribere
444 856 523 916 licet
550 857 678 930 Primus,
697 857 750 932 qui
766 857 888 916 uberius
908 858 988 917 hunc
1006 858 1105 917 locum
1120 878 1206 934 expo-

136 947 236 1018 neret,
260 945 474 1004 Heraclides
498 945 670 1005 Ponticus
693 945 796 1026 fuisse
811 945 943 1020 videtur,
973 947 1009 1006 de
1033 948 1117 1007 cuius
1142 967 1206 1007 sen-

136 1034 234 1092 tentia
260 1034 404 1094 certiores
433 1053 493 1093 non
520 1035 592 1094 faeti
621 1053 732 1094 sumus.
777 1034 897 1093 Primus
926 1039 1041 1113 autem,
1070 1036 1121 1112 qui
1144 1036 1207 1096 Ho-

137 1142 252 1182 merum
281 1123 482 1199 antiquiorem
504 1122 635 1183 Hesiodo
663 1123 874 1199 pronuntiasse
899 1124 966 1182 sine
986 1124 1124 1184 uberiore
1148 1124 1207 1184 dis·

137 1211 296 1286 quisitIoue
324 1211 447 1285 dicitur,
480 1215 527 1272 est
554 1212 792 1287 Xenophanes
825 1212 956 1271 Eleate
988 1205 1029 1293 (v.
1062 1212 1207 1273 Gellius

135 1299 190 1374 III,
216 1304 266 1374 11,
283 1301 446 1361 ‘Karsten
468 1301 659 1377 Xenophanis
683 1302 737 1362 rel.
759 1321 787 1376 p.
803 1292 868 1380 83).
915 1299 974 1360 Sed
996 1321 1056 1362 non
1078 1303 1208 1362 multum

136 1389 295 1448 tribuerim
313 1391 383 1449 hnic
398 1389 488 1449 Gellii
506 1390 685 1464 sententiae,
711 1390 737 1450 si
756 1409 792 1449 ex
810 1389 936 1448 Hesiodi
954 1391 1073 1450 nomine
1095 1391 1209 1450 nomini

136 1478 261 1538 Homeri
283 1480 451 1555 postposIto
478 1479 509 1538 id
538 1479 773 1540 concludendum
807 1497 872 1537 esse
904 1478 1042 1553 opinatus
1072 1483 1126 1540 est.
1171 1479 1208 1538 V.

136 1567 307 1630 Karsten.
329 1569 348 1626 l.
372 1568 391 1626 l.
415 1589 444 1644 p.
469 1570 521 1627 43.
566 1568 675 1627 Postea
698 1567 939 1628 Posidonium
961 1567 1083 1626 uberius
1106 1568 1139 1626 id
1161 1587 1208 1627 ex-

136 1655 272 1731 posuisse
305 1656 401 1715 tradIt
430 1657 476 1715 Io.
509 1656 640 1715 Taetza
671 1657 764 1732 Exeg.
795 1656 827 1714 in
855 1655 889 1714 Il.
918 1676 946 1731 p.
978 1658 1027 1729 19,
1057 1659 1075 1715 2
1105 1656 1207 1716 Herm.

136 1745 302 1819 Ephorus
326 1763 397 1804 vero
420 1745 534 1820 primus
557 1745 651 1804 fuisse
674 1744 806 1826 videtpr,
830 1745 881 1820 qui
904 1745 1036 1805 Homero
1060 1745 1209 1821 antr'quio·

135 1853 200 1892 rem
223 1833 389 1894 Hesiodum
418 1853 483 1894 esse
510 1834 634 1908 diceret,
664 1852 752 1909 quern
781 1833 876 1893 secuti
900 1837 971 1892 sunt
993 1833 1208 1908 Philostratus,
1267 1904 1274 1913 ³

136 1921 170 1980 L.
200 1921 309 1983 Accius
338 1942 384 1999 ap.
416 1921 578 1984 Gellium
610 1923 665 2001 ΙΙΙ,
689 1926 743 1996 11,
780 1941 912 1982 marmor
945 1922 1082 1996 Parium,
1115 1926 1207 2000 atque

135 2011 191 2071 hoo
222 2013 343 2087 quidem
371 2011 426 2086 ita,
455 2017 490 2072 ut
516 2015 576 2071 161
607 2031 699 2072 annos
728 2013 799 2070 ante
823 2009 1016 2087 Olympiades
1039 2011 1207 2071 Hesiodum

135 2100 273 2161 floruisse
293 2101 450 2179 scriberet,
473 2101 639 2160 Homerum
660 2103 724 2160 130
743 2119 850 2176 annos,
874 2099 1053 2160 Posidonius
1072 2119 1143 2160 vero
1166 2093 1208 2180 (v.

134 2189 158 2248 I.
183 2189 296 2250 Taetz.
325 2191 417 2266 Exeg.
445 2191 465 2248 I.
488 2182 522 2270 l.)
551 2193 582 2249 et
609 2189 801 2266 grammatici
826 2189 1023 2249 Alexandrini
1052 2189 1208 2249 iuniorem.

136 2275 181 2352 Cf.
201 2279 292 2338 schol.
311 2277 385 2338 Ven.
405 2279 441 2339 Il.
455 2278 570 2352 XXIII,
598 2280 660 2339 683
689 2271 830 2355 νεώτερος
859 2265 914 2337 οὖν
932 2271 1071 2349 Ἡσίοδος
1093 2272 1209 2356 γυμνὸν

135 2358 262 2446 εἰσάγων
280 2360 443 2443 Ἱττττομὲνη
467 2360 686 2446 ἀγωνιζόμενον
707 2359 858 2425 ταλάντων
881 2358 930 2446 (τῇ
950 2359 1110 2448 Ἀταλάντῃ
1129 2366 1209 2442 Hey-

134 2451 228 2532 nius).
274 2455 393 2514 Addam
424 2457 582 2530 praeterea
613 2455 721 2513 miram
749 2454 928 2512 senteutiam
958 2473 976 2512 a
1008 2454 1119 2513 Ioanne
1146 2453 1208 2513 An-

135 2543 273 2603 tiocheno
302 2536 441 2621 (Malaia)
473 2541 623 2618 prolatam
655 2543 687 2602 in
715 2541 870 2603 Cramer.
903 2540 1013 2601 Anead.
1044 2542 1140 2603 Paris.
1168 2543 1208 2603 Π.

135 2652 165 2707 p.
189 2633 267 2708 389,
293 2633 348 2691 14:
382 2618 420 2708 ἦν
450 2627 497 2690 eal
523 2632 583 2690 τῶν
610 2625 650 2710 ιβ’
677 2631 863 2709 ιτοιτριοιρχῶν
890 2623 906 2690 ὁ
931 2623 1084 2706 Ἡσίοδος,
1113 2622 1146 2702 ὃς
1174 2625 1208 2690 τὰ

131 2714 295 2799 Ἀσσυρίων
322 2712 476 2802 γρόμμοιτοι
504 2719 544 2792 εἰς
567 2712 696 2780 Ἑλλάδα
726 2722 860 2800 γλῶσσαν
883 2716 1052 2798 μετέβαλεν,
1081 2739 1209 2795 quocum

134 2829 294 2885 componas
323 2811 451 2870 alterum
478 2811 577 2870 losum
601 2809 681 2885 apud
704 2809 831 2869 eundem
854 2809 1027 2868 Malalam
1050 2828 1078 2884 p.
1104 2809 1155 2884 59,
1179 2811 1208 2870 5.

133 2899 166 2958 L.
192 2899 327 2960 Dindorf.
356 2903 386 2959 et
413 2899 492 2975 apud
521 2897 728 2958 Cramerum
757 2898 791 2958 Τ.
818 2897 857 2958 II.
885 2919 914 2974 p.
939 2900 1017 2971 241,
1051 2899 1083 2957 6:
1116 2894 1148 2957 ἕν
1176 2893 1209 2958 δὲ

133 2990 194 3060 τοῖς
212 2983 329 3068 χρόνοις
347 2980 616 3066 τούτοιςῃόινεφολνη
638 3010 682 3060 τις
701 2985 732 3047 ἐκ
751 2989 848 3065 φνλῆς
870 2989 923 3046 τοῦ
943 2980 1059 3065 ’laeta
1085 2978 1208 3065 όνόμοιτι

129 3069 137 3095 ‘
169 3077 285 3153 σίοιλος,
308 3070 384 3149 ὅςιος
408 3074 513 3156 ἐφεῦρε
535 3070 570 3136 τὰ
588 3069 745 3154 Ἑλληνικὰ
768 3070 936 3155 γρόμμοιτοι,
960 3069 1045 3136 <iaci
1067 3069 1209 3154 θεολόγος

134 3168 194 3225 τῶν
210 3159 373 3242 Ἑλλήνων.
418 3161 476 3225 His
505 3185 573 3226 sum
599 3168 706 3242 postea
734 3165 817 3224 addit
844 3187 872 3242 p.
897 3167 975 3242 241,
1000 3167 1056 3224 27:
1093 3161 1126 3224 ἕν
1148 3168 1209 3237 τοῖς

134 3248 251 3333 χρόνοις
278 3247 414 3314 Γεὸοιιών
439 3257 493 3314 τοῦ
521 3257 639 3334 Κριτῶν
674 3246 813 3336 (Κριτοῦ)
847 3243 887 3338 ᾖν
911 3242 1037 3333 Ὀρφεὺς
1070 3245 1086 3316 ὁ
1118 3247 1210 3337 Θρᾷξ,

134 3344 261 3415 fontem,
295 3363 331 3404 ex
363 3363 421 3420 quo
449 3345 522 3403 haec
549 3344 660 3403 hausta
689 3346 772 3417 sunt,
802 3344 931 3402 fortasse
959 3343 1025 3419 quis
1056 3342 1208 3404 divinarit

134 3433 214 3492 Nam
237 3433 282 3492 ita
303 3433 351 3493 Io.
374 3433 503 3492 Taetza
525 3433 544 3491 l.
568 3433 588 3492 l.
611 3453 639 3508 p.
665 3435 720 3506 21,
746 3434 785 3490 17
810 3424 861 3510 (cf.
884 3432 985 3490 Malal.
1008 3452 1037 3507 p.
1063 3433 1112 3508 72,
1135 3426 1209 3508 16),

134 3518 269 3601 ἐξελέγξω
300 3553 338 3564 -
368 3517 418 3581 κοιλ
447 3512 597 3599 Τιμόθεον
623 3513 675 3581 τὸν
698 3515 808 3599 Ὀρφὲοι
834 3517 883 3580 ἐπὶ
908 3514 1026 3580 Γεδεών
1053 3513 1129 3580 εἶναι
1156 3515 1209 3579 lt·

134 3632 226 3689 γοντα
249 3604 289 3682 ὡς
312 3604 367 3672 οὐκ
390 3603 490 3689 ὀρθῶς
513 3607 579 3688 περὶ
596 3611 656 3670 τῶν
678 3603 803 3687 χρόνων,
826 3602 889 3669 ἀλλ’
915 3605 1113 3686 ἐψευσμένως.
1151 3609 1208 3668 Est

135 3704 237 3759 autem
260 3700 309 3760 hic
333 3700 508 3760 Timotheus
533 3700 793 3776 chronographum
816 3718 845 3759 v.
865 3699 893 3758 .I.
916 3699 1046 3757 Malalae
1070 3696 1207 3757 Chronic.

135 3809 164 3865 p.
182 3791 232 3866 76,
249 3791 266 3848 7
283 3781 425 3850 ed.'Von
451 3788 534 3862 Alia,
558 3791 593 3847 ut
615 3789 695 3863 apud
715 3788 842 3847 eundem
861 3785 1014 3847 Cramer.
1032 3786 1071 3846 11.
1085 3807 1114 3862 p.
1130 3787 1204 3860 386,

135 3877 231 3938 sciens
254 3880 429 3953 praetereo’

223 3966 325 4042 Atque
353 3968 487 4026 confecta
513 3985 562 4026 res
594 3967 687 4038 foret,
721 3966 748 4025 si
779 3964 860 4025 credi
892 3964 1069 4024 Philochoro
1102 3967 1208 4039 posset

133 4047 174 4136 (v.
201 4054 405 4117 schol.·Anon.
428 4057 466 4115 ad
490 4054 579 4132 Oper.
593 4075 620 4115 v.
636 4045 726 4136 271),
749 4053 953 4113 Sesiahorum
972 4056 1093 4129 poetam
1110 4052 1206 4112 fuisse

132 4145 227 4205 filium
257 4144 383 4204 Hesiodi
415 4164 451 4204 ex
479 4143 633 4221 Clymene:
666 4144 692 4202 is
722 4143 801 4202 enim
828 4145 917 4204 natus
949 4145 995 4203 est
1023 4141 1069 4201 01.
1099 4143 1150 4216 37,
1177 4143 1205 4216 1,

133 4238 272 4295 mortuus
296 4232 342 4294 01.
368 4234 419 4308 56,
443 4235 463 4292 4
487 4227 529 4312 (v.
554 4232 710 4293 Oliuton.
734 4232 814 4292 Past.
838 4231 918 4290 Hell.
941 4232 964 4290 I.
987 4251 1015 4306 p.
1038 4233 1056 4291 5
1082 4229 1206 4306 Krueg,

132 4343 304 4401 quanquam
331 4323 363 4382 in
386 4323 535 4382 diversam
559 4321 740 4382 sententiam
758 4321 834 4381 abiit
852 4320 1009 4380 marmoris
1028 4319 1113 4377 Parii
1131 4319 1207 4378 scri·
1265 4346 1267 4348 ·
