2904 4900
558 253 831 310 senonensi.
889 229 890 232 ‘
1167 254 1231 320 347

162 434 213 471 σαι
235 411 286 470 τόν
309 435 339 470 τε
364 409 533 484 Κρηστσίνης
557 409 657 470 θεόν.“
700 412 774 470 ἔοικε
798 413 830 470 δὲ
861 412 935 470 εἶναι
958 409 975 486 ἡ
999 411 1139 484 Κρηστῶν
1161 411 1230 486 παρ’

157 499 305 576 Ἡσιόδῳ]

628 629 767 696 OGLIII.

237 752 434 823 [Philodem.
449 751 514 820 περὶ
528 747 675 823 εὐσεβείας
688 771 716 821 p.
733 758 778 807 10:
798 747 863 808 οὐδ’
875 747 995 825 Ἡσιόδῳ
1010 749 1048 822 μή
1063 774 1105 816 τις
1120 749 1231 829 ἐγγελᾷ,

161 835 196 904 ὃς
220 842 334 910 γρυπῶν
357 840 406 895 καί
433 836 508 895 ὄνων
531 834 549 909 ἢ
574 841 624 896 καί
645 842 701 895 τῶν
719 843 907 896 Κατονδαίων
930 841 979 896 καὶ
1001 842 1057 896 τῶν
1076 845 1232 914 Πυγμαίων

162 930 346 1001 μνημονεύει.
376 930 422 985 Sic
440 930 565 985 restituit
583 929 702 1000 Bergk.
720 931 750 984 in
768 929 868 984 Annal.
883 929 955 984 Phil.
972 935 1040 984 1873
1060 949 1087 1000 p.
1103 932 1231 1004 38-41.]

628 1144 764 1212 OOLIV.

236 1265 289 1339 [Cf.
303 1265 453 1322 Heckeri
466 1283 509 1336 ep.
525 1265 585 1323 crit.
600 1267 630 1322 in
643 1267 747 1322 Philol.
756 1267 803 1322 IV.
818 1284 845 1336 p.
859 1272 923 1322 488:
943 1266 1059 1323 Hesiodi
1072 1269 1231 1340 fragmenta

158 1355 293 1424 augenda
311 1357 376 1410 sunt
393 1371 448 1410 uno
467 1371 557 1424 versu,
575 1356 722 1410 emendato
739 1353 907 1410 Strabone
924 1354 972 1424 VI,
993 1363 1017 1411 1.
1046 1357 1076 1412 T.
1096 1357 1130 1414 Il.
1149 1375 1176 1426 p.
1196 1364 1229 1412 22

156 1443 285 1498 Tauehn.
305 1469 339 1489 =
358 1447 384 1514 β.
404 1449 455 1499 265
475 1443 504 1499 C.
542 1447 624 1499 δοκεῖ
645 1439 673 1500 δ’
694 1439 828 1514 Ἀντίοχος
851 1441 903 1514 τὴν
925 1439 1008 1498 πόλιν
1026 1443 1230 1502 Μεταπόντιον

159 1531 296 1601 εἰρῆσθαι
314 1529 452 1601 πρότερον
472 1531 619 1604 Μίταβον,
638 1536 895 1604 παρονομασθῆναι
914 1529 942 1588 δ’
963 1527 1089 1602 ὕστερον.
1126 1530 1178 1602 τήν
1197 1553 1226 1588 τε

159 1621 351 1689 Μελανίππην
371 1617 405 1676 οὖ
430 1618 501 1691 πρὸς
519 1623 620 1677 τοῦτον
639 1618 709 1677 ἀλλὰ
732 1620 803 1691 πρὸς
821 1628 893 1678 Δίον
912 1623 1086 1693 κομισθῆναι
1106 1619 1229 1692 ἐλέγχειν

156 1705 193 1763 τὸ
218 1704 311 1782 ἡρῷον
334 1709 384 1763 τοῦ
404 1705 541 1782 Μετοίβου
565 1712 614 1766 καλ
632 1708 721 1766 ’Ἄσιον
740 1707 790 1765 τὸν
808 1708 928 1782 ποιητὴν
948 1706 1092 1780 φήσαντα,
1116 1705 1159 1766 ὅτι
1178 1707 1228 1764 τὸν

157 1796 287 1856 Βοιωτὸν

235 1928 326 1991 Δίου
349 1922 399 1990 ἐνί
423 1923 581 2011 μεγάροις
602 1927 696 1992 τέκεν
719 1921 850 2011 εὐειδὴς
873 1930 1073 2011 Μελανίππη

160 2065 287 2134 Scriptor
315 2082 399 2133 quem
422 2064 521 2120 citavit
551 2067 761 2136 antiquissimus
786 2065 936 2121 historicus
958 2067 1125 2136 Antiochus,
1152 2067 1229 2121 haud

156 2154 245 2209 dubie
260 2170 385 2208 summae
400 2155 576 2209 auctoritatis
588 2155 651 2210 fuit.
686 2155 778 2222 Quare
793 2153 931 2225 corrigam
946 2149 1084 2210 Ἡσίοδον.
1100 2187 1133 2196 -
1152 2155 1228 2211 Ηεεο

154 2241 312 2298 Heckeuus.
350 2241 405 2297 Sed
423 2261 449 2297 v.
468 2242 657 2299 Marcksch.
677 2262 704 2314 p.
724 2243 797 2314 412]

635 2457 756 2526 OOLV.

233 2579 383 2650 [Hcckor.
413 2579 431 2634 l.
454 2581 487 2634 λε
534 2580 613 2635 Alter
645 2581 789 2636 addendus
820 2579 1041 2649 fragmentorum
1067 2579 1158 2634 ordini
1185 2596 1219 2634 ex

157 2669 395 2724 Choerobosoo
418 2669 494 2740 apud
517 2667 603 2724 Gaisf.
628 2669 664 2722 ad
682 2669 775 2739 Etym.
794 2669 831 2724 M.
850 2687 877 2740 p.
897 2667 970 2723 440
995 2663 1027 2722 ἐκ
1049 2669 1099 2722 τοῦ
1123 2663 1228 2731 οέκαλὸς

156 2751 212 2814 οὖν
235 2759 359 2828 γίγνεται
383 2751 489 2826 ἅκαλα,
513 2751 551 2819 ὡς
574 2752 679 2826 ὁμαλός
702 2752 807 2827 ὁμαλά,
831 2752 869 2820 ὡς
887 2747 958 2824 παρ1
976 2752 1096 2830 Ἡσιόδῳ
1116 2753 1225 2826 ,ἁπαλοὶ

160 2847 318 2915 προρέων.“
337 2844 427 2915 Igitur
445 2846 607 2901 hexameter
626 2846 701 2916 apud
721 2846 815 2915 Steph.
835 2846 900 2916 Byr.
918 2865 944 2903 v.
961 2845 1125 2917 Παρθένιος

226 2967 271 3050 ὣς
294 2967 399 3038 οόιαλὰ
421 2975 589 3057 προρέων,
613 2967 658 3050 ὡς
682 2967 768 3057 ἁβρὴ
791 2971 961 3056 παρθένος
983 2969 1080 3057 εἶσιν,

155 3123 243 3175 quem
271 3108 422 3168 Parthenio
445 3113 576 3168 tribuerit
602 3112 747 3167 Meineh.
776 3113 856 3168 Anal.
885 3114 964 3167 Alex.
992 3132 1019 3184 p.
1039 3120 1089 3168 292
1114 3112 1227 3168 Hesiodi

155 3211 255 3251 versus
275 3199 339 3270 est]
477 3198 481 3205 '
1083 3197 1084 3200 ¹

624 3361 760 3428 ooLVI.

230 3479 363 3549 [Miller.
388 3484 406 3538 l.
426 3483 443 3540 l.
463 3502 490 3553 p.
511 3489 574 3538 187:
604 3481 757 3556 κισσύβιον,
776 3486 868 3556 Etym.
888 3486 926 3540 M.
945 3505 972 3556 p.
992 3491 1053 3554 515,
1073 3492 1116 3540 33.
1153 3486 1225 3540 Add.

143 3569 295 3641 ,(Ησίοὸος·
311 3567 395 3643 ὀλίγῳ
410 3568 441 3626 δ’
457 3565 557 3641 ἥδεται
571 3575 712 3646 κισσυβίῳ.
740 3575 893 3645 Fragment
905 3573 1057 3629 iustement
1071 3573 1193 3629 attribuo
1208 3576 1225 3628 ὸ,

155 3656 334 3727 Callimaque
357 3676 409 3730 par
426 3660 553 3715 Atheneo
572 3667 623 3716 4⁷7
639 3661 668 3716 C.
704 3661 784 3717 Lisea
801 3656 895 3732 ἥδετο.
916 3692 949 3701 -
968 3662 1002 3717 V.
1020 3662 1125 3730 Etym.
1145 3661 1224 3718 Gud.

154 3765 178 3801 s.
199 3766 224 3802 v.
245 3747 358 3801 Schol.
378 3748 501 3805 Theocr.¹
515 3749 536 3819 Ι,
555 3756 598 3804 27.
635 3750 821 3805 Marchsch.
840 3750 873 3806 fr.
893 3752 966 3823 27⁷]

613 3963 766 4030 CCLVII.

230 4084 368 4156 [Athen.
392 4085 439 4140 111.
462 4104 490 4155 p.
511 4091 562 4141 116
572 4102 601 4141 a:
638 4080 814 4156 Εὐθύδημος
837 4082 852 4142 ὁ
874 4083 1020 4155 Ἀθηναῖοι
1043 4082 1075 4141 ίν
1098 4088 1137 4160 τῷ
1160 4086 1225 4155 περὶ

154 4175 281 4244 ταρίχων
296 4168 427 4229 Ἡσίοδόν
446 4191 515 4242 φησι
531 4174 597 4243 περὶ
614 4169 730 4229 πάντων
743 4176 801 4230 τῶν
819 4173 1045 4245 ταριχευομένων
1063 4171 1129 4230 τάδ’
1150 4173 1224 4245 εἰρη-

154 4261 253 4319 nevar:
