2892 4902
218 323 333 371 XXXVI

218 470 364 547 gnomicis
383 468 565 532 carminibus
580 467 771 528 Graecorum.
796 470 874 528 Tum
896 469 1073 529 Lehrsius
1096 469 1236 530 breviora
1259 473 1290 530 et

219 559 358 635 longiora
388 559 521 619 carmina
549 577 609 634 „ex
632 557 736 617 ordine
758 553 938 617 Ιὴὴθωωωωιι
965 559 1046 618 inter
1069 577 1101 618 sc
1124 576 1190 618 esse
1213 577 1291 618 com·

220 647 319 724 posita
347 666 463 707 summa
492 647 657 723 sagacitate
681 665 754 706 usus
784 647 937 720 professus
968 648 1023 706 est
1060 645 1171 723 ¹Atque
1199 647 1289 708 huius

219 736 340 813 quidem
361 736 421 797 viri
438 735 582 795 iudicium
606 735 638 794 in
661 735 799 811 plurimis
819 736 910 795 rebus
933 736 978 795 ita
1000 736 1096 796 secuti
1118 754 1235 811 sumus,
1255 740 1291 795 ut

220 826 259 885 ad
281 824 376 900 ipsius
403 825 523 884 Lehrsii
551 827 582 884 et
610 824 757 901 Koechlyi
785 825 966 901 exemplum,
996 843 1054 900 quo
1079 824 1200 901 singula
1222 845 1289 901 pro-

220 914 326 974 verbia
353 914 463 974 clarius
492 913 652 988 unicnique
681 915 835 989 paterent,
863 915 930 990 ipsa
953 914 1015 973 illav
1028 914 1134 990 uerba,
1158 933 1235 989 qnae
1258 915 1291 972 in

219 1003 347 1062 diversis
380 1002 546 1080 proverbiis
569 1005 759 1078 repetuntur
790 1004 821 1062 et
856 1021 982 1077 quorum
1013 1021 1104 1062 cansa
1135 1002 1188 1060 alii
1221 1003 1289 1062 aliis

218 1093 428 1165 adnectuntur,
452 1090 581 1150 diductis
599 1090 697 1150 literis
717 1091 910 1166 exprimenda
928 1091 1108 1167 singulaque
1130 1093 1289 1167 proverbia

219 1183 258 1240 ab
277 1180 524 1240 antecedentibus
544 1179 790 1255 obsequentibus
810 1179 922 1240 maiore
940 1180 1102 1240 intervallo
1122 1181 1290 1255 separanda

218 1269 431 1329 curaverimus.
472 1269 508 1328 In
525 1269 630 1344 paucis
649 1287 721 1328 vero
740 1269 814 1328 adeo
839 1269 984 1344 implicite
1003 1268 1185 1328 sententiam
1204 1288 1289 1328 suam

219 1359 390 1417 sustentare
409 1357 553 1417 Lehrsius
574 1356 699 1430 studuit,
722 1360 758 1415 ut
775 1375 901 1416 acumen
919 1358 1020 1433 potius
1037 1357 1152 1434 ingenii
1170 1358 1290 1418 demon-

218 1449 333 1506 strasse
362 1465 453 1523 quam
482 1447 643 1506 veritatem
672 1448 828 1504 assecutus
856 1465 923 1506 esse
952 1448 1105 1523 putandus
1137 1447 1208 1506 sit·
1231 1446 1290 1506 Sed

218 1535 294 1595 haec
316 1536 436 1595 Lebrsii
465 1535 591 1594 audacia
614 1534 864 1594 accommodatior
893 1534 1014 1594 criticae
1037 1535 1206 1596 Hesiodeae
1229 1537 1289 1606 tuit

96 1617 97 1622 ‘
217 1627 249 1683 ω
271 1626 366 1684 murco
389 1625 458 1700 plus
482 1623 761 1698 asturconibus,
788 1641 878 1698 quam
901 1622 934 1684 o.
957 1623 990 1682 n.
1010 1623 1154 1701 annuis,
1177 1624 1235 1684 vm
1257 1627 1289 1684 a
1325 1610 1327 1618 '

218 1713 266 1773 hie
284 1715 376 1774 rebus
404 1705 657 1792 ὀρθοδοξοτᾶτον,
687 1712 897 1788 superstitiosa
924 1732 1019 1789 paene
1037 1707 1157 1792 Ἔργων
1185 1714 1289 1775 Hesio-

217 1802 352 1875 deorum,
366 1805 511 1877 tanquam
534 1801 674 1860 carminis
699 1800 833 1860 continui
843 1801 1027 1877 mirificeque
1043 1803 1122 1862 inter
1139 1821 1170 1862 se
1185 1804 1288 1864 cohae-

217 1891 322 1963 rentis,
346 1889 508 1964 veneratio,
532 1907 591 1964 qua
609 1907 669 1948 non
684 1889 846 1948 deterritus
861 1895 909 1950 θεὴ
922 1909 941 1949 a
954 1891 1108 1950 conamine
1127 1891 1289 1952 excusandi

220 1980 270 2039 vel
297 1978 443 2054 prooemii
453 1973 580 2057 Ἔργων.
613 1977 750 2053 Denique
760 1978 1029 2055 Aug.Steitzius
1045 1980 1171 2041 Lehrsio
1190 1982 1287 2041 mode-

218 2069 316 2126 ratior
334 2067 469 2142 singulas
489 2065 622 2143 Operum
646 2069 677 2126 θὴ
695 2066 820 2126 Dierum
842 2070 945 2144 partes
968 2071 1089 2146 penitus
1111 2089 1287 2145 pernoscere

221 2159 252 2215 et
274 2156 438 2215 diiudicare
461 2155 652 2231 reiiectisque
670 2157 807 2216 versibus
831 2160 864 2217 et
881 2158 954 2218 locis
979 2158 1146 2218 subditiciis
1170 2177 1289 2218 carmen

220 2245 259 2303 ad
290 2244 502 2321 primigeniam
524 2244 652 2304 formam
682 2245 819 2322 redigere
843 2250 966 2306 conatus
991 2250 1052 2322 est,
1075 2248 1122 2306 vir
1143 2248 1176 2307 in
1199 2267 1289 2308 sensu

217 2352 362 2393 versuum
384 2333 553 2410 indagando
577 2335 676 2394 nescio
700 2354 740 2394 an
763 2335 895 2394 omnium
919 2335 1154 2396 sollertissimus.

308 2423 374 2482 lam
397 2423 509 2482 mentio
531 2423 671 2482 facienda
694 2427 741 2483 est
755 2418 874 2504 Ἔργων
898 2418 1047 2504 μεγάλων,
1070 2444 1198 2500 quorum
1220 2426 1288 2485 reli-

219 2511 304 2588 quias
327 2530 383 2571 nos
400 2513 437 2571 fr.
459 2514 588 2572 16-26
610 2513 807 2573 exhibuimus.
853 2513 959 2573 Fuisse
983 2513 1062 2572 enim
1085 2515 1138 2589 qui
1155 2513 1287 2574 Hesiodo

216 2601 277 2659 tale
307 2600 512 2660 adscriberent
541 2619 662 2660 carmen
691 2601 814 2660 uberius
856 2601 893 2660 de
922 2602 1108 2676 agricultura
1138 2620 1288 2676 exponens

221 2688 316 2765 deque
339 2689 407 2747 aliis
430 2690 521 2748 rebus
546 2690 674 2748 adeam
697 2689 928 2764 pertinentibus,
953 2689 1065 2747 lithicis
1089 2689 1176 2763 adeo,
1207 2691 1233 2746 si
1255 2691 1287 2749 id

217 2778 393 2836 concludere
424 2778 496 2838 licet
526 2796 562 2835 ex
584 2777 692 2853 fragm.
718 2779 773 2850 23,
805 2781 836 2836 et
858 2776 970 2850 plantis
995 2765 1170 2854 (16-20),
1199 2776 1287 2835 nobis

217 2884 399 2941 persuasum
427 2869 483 2926 θεὴ.
528 2865 611 2924 Bene
639 2865 760 2942 quidem
783 2864 821 2924 de
849 2864 905 2923 hac
927 2883 960 2922 re
984 2863 1192 2922 disseruerunt
1214 2867 1286 2939 post

215 2954 238 3012 I.
269 2954 303 3016 L.
336 2954 491 3032 Hugiurn
523 2958 553 3013 et
582 2952 817 3014 Welckerum
848 2945 940 3031 (Non.
970 2951 1047 3010 Mus.
1077 2951 1172 3013 Rhen.
1202 2952 1226 3013 Ι.
1257 2973 1288 3028 p.

219 3045 284 3102 425
313 3037 371 3124 sq.)
417 3043 534 3101 Iulius
566 3040 699 3102 Caesar
724 3033 918 3121 (zeitschrift
946 3040 997 3098 fdr
1025 3039 1287 3102 Alterthumswis-

219 3132 380 3192 senschaft.
409 3131 487 3191 Arm.
517 3132 553 3189 V.
577 3151 606 3189 n.
632 3131 671 3190 65
697 3123 754 3210 sq.)
784 3131 814 3188 et
841 3129 1188 3190 Maroksoheffelius
1213 3123 1287 3210 (He-

217 3219 293 3279 siodi
308 3253 349 3262 -
365 3221 537 3296 fragmenta
550 3240 579 3295 p.
596 3213 691 3300 182);
711 3237 777 3278 cnm
795 3218 925 3293 utroque
944 3218 1024 3277 euim
1043 3222 1074 3278 et
1091 3218 1286 3279 Welckero

216 3310 368 3369 consentio
392 3309 424 3367 in
446 3309 564 3367 ratione
592 3307 771 3366 emendandi
798 3306 857 3365 loci
879 3307 1029 3367 Athenaei
1052 3307 1135 3368 VIII.
1158 3329 1187 3384 p.
1212 3310 1286 3383 364,

215 3400 251 3456 ut
274 3393 408 3477 μεγάλων
433 3390 545 3457 Ἠοιῶν
571 3395 624 3454 καί
651 3395 798 3456 vocabula
826 3395 998 3470 eiiciantur,
1027 3397 1118 3456 etiam
1140 3396 1174 3455 in
1195 3397 1286 3456 inter-

214 3487 368 3561 pretandis
396 3485 513 3544 Manilii
544 3487 574 3543 et
603 3483 754 3560 Propertii
781 3485 868 3561 locis,
898 3486 1046 3545 assentior
1069 3485 1181 3560 dubiis,
1210 3505 1286 3562 quae

215 3574 252 3632 de
276 3573 368 3632 Plinii
398 3573 457 3631 fide
486 3574 602 3632 moveri
630 3576 771 3650 possunt,
800 3574 852 3632 scd
880 3593 940 3633 non
966 3574 1043 3634 facio
1072 3593 1139 3633 cnm
1163 3593 1198 3633 ca
1222 3593 1286 3634 scn-

215 3662 322 3737 tentia,
347 3681 423 3738 quae
437 3655 533 3741 Ἔργα
552 3655 662 3742 μεγάλα
682 3662 886 3722 collectionem
905 3681 971 3722 esse
990 3663 1099 3722 statuit
1121 3663 1287 3722 carminum

218 3750 437 3810 Hesiodeorum
461 3750 601 3810 didactici
628 3751 762 3828 generis,
791 3769 919 3826 quorum
941 3751 1164 3812 nobilissimum
1187 3755 1287 3811 essent

208 3833 304 3918 Ἔργα
333 3835 383 3898 καὶ
405 3831 544 3916 Ἡμέραι,
571 3839 680 3916 quibus
710 3840 848 3915 deinceps
876 3846 998 3915 praeter
1021 3839 1287 3920 ornithomantiam

215 3927 307 3987 etiam
330 3927 482 4007 Χείρωνος
505 3920 672 4006 ‘litabilior
695 3929 829 3988 adiectae
857 3931 967 3988 essent.
1012 3929 1091 3989 Huic
1119 3929 1287 3988 sententiae

132 4047 133 4050 ¹
214 4017 410 4093 refragantur
441 4017 588 4092 imprimis
619 4017 739 4094 Fragm.
774 4018 816 4088 16
849 4019 880 4075 θὴ
911 4018 961 4076 23.
1007 4017 1086 4075 Nam
1118 4035 1178 4076 non
1211 4017 1285 4077 satis

215 4109 339 4164 cautum
362 4108 409 4165 est
430 4105 575 4166 iudicium
597 4105 849 4167 Marckscheffelii
871 4125 900 4180 p.
921 4107 984 4165 213
1009 4107 1045 4165 de
1069 4106 1133 4166 loco
1157 4105 1286 4182 Fulgen-

217 4194 266 4254 tii:
290 4214 402 4272 „quare
424 4195 558 4272 profecto
586 4195 754 4272 praestabit
780 4194 837 4257 hoc
864 4193 1072 4256 testimoninm
1095 4195 1209 4254 auctori
1232 4213 1287 4256 suc

214 4282 411 4360 relinquere.“
461 4285 526 4345 Hoc
552 4285 627 4362 'quid
659 4283 742 4343 alind
772 4285 831 4359 est,
864 4301 954 4358 quam
984 4303 1068 4343 arma
1095 4283 1287 4360 relinquere?
