2892 4902
1096 335 1224 383 XXXVII

148 478 251 538 Minus
283 477 376 537 etiam
403 481 491 554 ,caute
518 499 547 554 p.
579 482 638 540 191
670 479 707 540 de
735 481 830 540 altero
853 481 917 540 loco
940 480 1097 541 iudicarit:
1127 483 1222 557 „Mihi

150 567 177 626 si
199 567 406 627 coniecturam
433 567 569 643 proferre
592 568 679 643 licet,
708 567 821 645 Orphei
843 587 952 629 nomen
975 569 1118 630 excidisse
1142 572 1223 632 vide·

150 651 218 714 tur“
243 648 329 736 (post
355 659 527 737 γενεαλογεῖ
548 658 580 716 in
607 658 672 717 loco
699 650 879 737 Proeliano).
926 657 985 718 Sed
1007 658 1108 719 Procli
1129 660 1223 720 verba

151 763 218 804 cum
243 746 305 804 sint
335 745 507 821 perspicua,
540 746 633 806 talem
655 746 845 823 medicinam,
874 765 934 823 qua
958 747 1088 808 Hesiodo
1113 750 1223 808 substi-

150 836 256 892 tuatur
288 832 445 910 Orpheus,
476 835 543 910 quis
573 835 737 895 adhibeat?
783 835 886 896 Verba
916 836 995 894 enim
1023 835 1122 896 Procli
1153 843 1224 896 sunt

151 922 238 982 haec:
267 915 300 982 τὸ
325 917 353 982 d’
385 915 531 1002 ἀργύρεον
554 916 657 1003 (Oper.
683 917 767 1005 128)
790 922 864 984 ἔνιοι
891 927 925 1004 τῇ
952 926 990 1005 γῇ
1013 918 1159 985 ἀκούουσι
1181 923 1223 986 λέ-

151 1032 260 1090 yonnae,
295 1005 340 1072 lire
372 1009 406 1071 ἐν
437 1016 499 1084 τοῖς
526 1007 681 1093 Μεγάλους
700 1007 822 1093 Ἔργοις
850 1006 881 1072 τὸ
910 1006 1054 1092 ἀργύριον
1080 1016 1132 1091 τῆς
1161 1017 1224 1092 Γῆς

151 1103 327 1180 γενεαλογεῖ.
374 1099 494 1160 Scilicet
524 1101 649 1161 fuerunt
681 1102 734 1178 qui
760 1095 792 1162 τὸ
825 1095 949 1180 χρύσεον
980 1097 1066 1182 γένος
1097 1121 1156 1162 non
1187 1123 1223 1162 ex

152 1207 241 1248 auro
266 1193 403 1250 creatum
425 1189 572 1264 dicerent,
600 1191 653 1251 sed
683 1183 714 1250 τὸ
738 1185 863 1269 χρύσεον
887 1209 952 1250 esse
976 1190 1089 1250 dietum
1111 1211 1166 1267 pro
1188 1185 1220 1252 τὰ

152 1271 297 1356 ούράνιον
321 1269 372 1359 (cf.
395 1297 423 1341 v.
449 1281 527 1338 112:
557 1273 626 1351 ύςιε
648 1273 766 1340 dccld'
796 1272 917 1358 ἔζωον),
944 1273 976 1338 τὸ
1000 1273 1146 1359 ἀργύρεον
1168 1300 1223 1356 pro

151 1360 181 1427 τὸ
196 1360 314 1447 γήινον
342 1360 412 1447 (hoc
442 1368 522 1427 enim
552 1372 599 1429 est
625 1368 702 1427 illud
724 1371 758 1449 τῇ
782 1371 819 1449 γῇ
843 1361 1003 1443 ἀκούουσι,
1026 1369 1113 1444 quasi
1135 1369 1223 1429 dixis-
1273 1391 1276 1398 ·

153 1460 201 1516 set
227 1455 393 1516 Hesiodus:
425 1451 564 1535 δεύτερον
591 1454 677 1537 γένος
705 1457 736 1517 ολ
759 1454 828 1518 θεοὶ
854 1449 930 1517 aoid
959 1451 1121 1535 χειρότερον
1144 1451 1223 1535 μετό-

152 1549 261 1604 πισθεν
292 1542 438 1623 ἐποίησαν
464 1547 516 1622 τῆς
544 1548 609 1626 γῆς,
636 1566 691 1622 pro
720 1565 779 1622 quo
809 1545 991 1605 recentiores
1022 1546 1163 1606 dixerunt
1187 1549 1223 1627 τῇ

151 1633 202 1715 ’γῇ;
225 1654 254 1693 v.
279 1633 418 1694 Schaef.
447 1635 486 1693 ad
513 1635 607 1711 Long.
630 1655 658 1710 p.
684 1627 772 1715 331).
818 1635 929 1710 Atque
947 1633 1023 1694 hanc
1051 1635 1223 1710 explicatio·

152 1742 219 1781 nem
237 1723 453 1800 grammaticos
471 1724 545 1784 istos
566 1725 754 1784 sustentasse
772 1723 896 1783 Proelus
921 1723 994 1781 dicit
1016 1723 1075 1782 aiio
1098 1722 1223 1782 Hesiodi
1285 1711 1292 1721 ⁸

152 1812 216 1870 loco
241 1829 278 1870 ex
302 1812 420 1888 Magnis
445 1811 609 1888 Operibus,
639 1813 691 1872 ubi
714 1817 875 1889 argentum
898 1812 1015 1872 dixerat
1038 1831 1104 1872 esse
1128 1812 1223 1870 Terra

153 1903 288 1960 creatum
312 1893 382 1980 (hoc
402 1901 481 1960 enim
500 1904 546 1961 est
568 1894 600 1961 ιὸ
625 1894 769 1981 ἀργύριον
790 1904 843 1979 τῆς
865 1903 926 1978 Γῆς
949 1893 1139 1980 γενεαλογεῖ),
1176 1901 1221 1960 Eo

152 1993 254 2049 autem
278 1989 373 2048 delati
401 1991 473 2049 sunt
501 1991 691 2066 grammatici
713 1989 778 2066 isti,
808 1990 975 2066 dequibus
1000 1989 1072 2049 dicit
1094 1989 1221 2048 Procius

151 2097 241 2138 versu
267 2080 347 2152 145,
375 2079 428 2138 ubi
455 2076 488 2139 ἐκ
511 2081 613 2157 μελιᾶν
635 2079 720 2139 vario
743 2079 831 2138 modo
855 2082 1070 2154 exposuerunt,
1101 2080 1219 2137 utnon

151 2168 248 2227 solnm
272 2164 305 2226 ἐκ
333 2169 436 2244 μελιᾶν
451 2169 502 2228 eis
533 2170 615 2228 esset
637 2186 691 2243 pro
722 2164 755 2226 ἐκ
777 2169 897 2227 Μελιᾶν
920 2169 1050 2245 νυμφῶν
1073 2158 1114 2248 (u.
1138 2166 1221 2226 Pro-

151 2257 245 2323 clum
269 2256 308 2314 ad
335 2276 363 2317 v.
390 2259 462 2316 144.
490 2256 658 2332 Palaeph.
684 2249 754 2336 36),
783 2257 836 2317 sed
864 2256 955 2317 etiam
977 2257 1022 2316 ita
1045 2259 1080 2314 ut
1102 2256 1224 2316 intelle·

151 2348 259 2420 gerent
280 2337 340 2404 ἀπὸ
367 2339 456 2416 ξύλου
478 2337 558 2416 τινὸς
581 2338 710 2421 ἀνόητον
732 2342 826 2426 γένος.
850 2377 893 2386 -
919 2333 1015 2420 οὗτοι,
1038 2344 1142 2422 φησίν,
1166 2338 1222 2404 oda

152 2430 183 2492 ἐκ
204 2429 312 2513 γένους
334 2435 433 2509 θεῶν,
461 2434 505 2492 ita
528 2437 564 2493 ut
586 2427 744 2512 ούράνιου,
767 2429 887 2513 γήϊνον,
911 2427 1031 2505 ξύλινον
1053 2429 1138 2512 γένος
1162 2433 1220 2492 sibi

153 2524 385 2598 opponerentur.
431 2521 480 2582 Sic
507 2523 654 2598 explicato
683 2523 748 2582 loeo
776 2541 872 2599 neque
900 2521 1133 2598 confugiendum
1161 2521 1220 2580 erit

153 2612 190 2670 ed
217 2610 363 2670 Lobeckii
391 2610 538 2672 rationem
570 2604 654 2692 (Agl.
668 2603 673 2626 ³
682 2632 710 2688 p.
734 2603 824 2692 414).
870 2611 936 2671 Hoc
968 2611 1076 2670 saltem
1105 2612 1221 2669 certum

152 2703 212 2776 est,
244 2699 346 2760 Procli
375 2700 468 2760 rerba
498 2701 535 2759 de
563 2701 709 2775 Hesiodo,
737 2719 797 2760 non
825 2701 862 2760 de
890 2701 949 2760 alio
972 2700 1062 2776 poeta
1084 2698 1223 2774 intellegi

151 2807 248 2864 posse.
296 2787 395 2858 Quare
427 2807 524 2865 neque
558 2789 696 2849 omnibus
730 2789 821 2849 Plinii
852 2790 925 2850 locis
953 2789 1043 2848 fidem
1075 2788 1222 2864 derogare

153 2877 218 2937 ausi
242 2896 356 2954 sumus,
380 2896 552 2954 quanquam
571 2878 608 2937 de
630 2879 757 2954 singulis
777 2878 957 2955 quibusdam
980 2876 1120 2936 dubitare
1142 2876 1223 2937 licet.

239 2966 373 3026 Hesiodo
401 2967 495 3042 igitur
523 2986 642 3026 carmen
670 2967 820 3043 quoddam
847 2968 969 3027 uberius
993 2965 1221 3025 adscribebatur

144 3048 238 3134 Ἔργα
257 3049 389 3134 Μεγάλα
408 3056 513 3116 eodem
530 3056 619 3116 modo
642 3056 755 3116 dictum
779 3060 870 3132 atque
893 3049 1034 3135 Μεγάλαι
1053 3046 1159 3127 Ἠοῖαι,
1184 3053 1221 3112 de

152 3144 261 3218 quibus
284 3147 391 3219 postea
414 3163 603 3220 exponemus,
627 3148 658 3204 et
676 3144 850 3204 Aristotelis
874 3149 993 3220 praeter
1016 3143 1076 3202 alia
1094 3142 1222 3202 Moralia

154 3233 244 3292 etiem
268 3231 398 3309 Magna
420 3233 574 3293 Moralia
597 3251 664 3293 esse
688 3233 872 3294 dicebantur.

424 3451 464 3506 V.
496 3451 546 3505 De
569 3449 710 3506 Hesiodi
733 3449 938 3519 Theogonis.

240 3587 346 3664 Longe
370 3589 458 3647 aliter
482 3589 675 3648 statuendum
703 3588 740 3648 de
765 3588 938 3665 Theogonis
961 3591 1021 3663 est,
1045 3606 1136 3664 quam
1158 3605 1220 3646 cer-

152 3677 213 3736 tem
241 3679 334 3752 atque
362 3677 535 3737 continuam
562 3695 687 3754 eamque
716 3678 755 3736 ab
783 3677 1003 3753 antiquioribus
1034 3676 1220 3751 temporibus

153 3765 297 3824 traditam
331 3763 514 3826 Graecorum
545 3766 712 3826 doctrinam
745 3767 783 3826 de
815 3765 870 3825 diis
903 3765 1055 3825 continere
1087 3784 1123 3824 ex
1153 3765 1222 3840 ipsa

152 3854 290 3914 carminis
310 3853 504 3930 inscriptione
524 3858 555 3913 et
572 3855 743 3930 argumenti
762 3853 896 3914 siccitate
915 3854 1094 3913 declaratur.
1126 3854 1220 3914 Thec-

152 3943 241 4018 gonia
265 3943 346 4002 enim
365 3961 455 4019 quam
475 3943 582 4003 (irasci
606 3944 745 4003 dicebant
767 3961 890 4019 prorsus
913 3943 1076 4019 respondet
1096 3946 1220 4002 nostrae

151 4031 338 4108 dogmaticae
367 4049 421 4090 seu
451 4030 751 4092 Glaubenslehre.
797 4031 862 4092 Hoc
892 4033 971 4092 enim
1001 4032 1147 4092 vocabulo
1175 4032 1221 4091 ita

150 4121 246 4180 utitur
264 4120 473 4180 Herodotus
491 4120 514 4194 I,
536 4123 620 4182 132>
637 4115 733 4201 μα’γυς
756 4113 833 4199 ἀνὴρ
855 4114 1019 4200 aequande
1039 4113 1087 4202 (τῇ
1110 4113 1218 4202 desig)

149 4203 276 4269 ἐπαείδει
298 4208 476 4288 θεογονίην,
505 4209 573 4288 οἴην
601 4203 639 4288 δὴ
667 4208 774 4271 ἐκεῖνοι
801 4206 918 4289 λέγουσι
941 4203 1017 4270 εἶναι
1039 4202 1095 4286 τὴν
1117 4207 1220 4272 ἐπαοι-

149 4291 217 4375 δήνε
241 4300 316 4359 haee
340 4298 421 4358 enim
443 4297 585 4378 θεογονία
612 4300 685 4375 quid
708 4299 791 4358 aliud
814 4299 965 4360 continere
988 4299 1101 4376 potuit,
1130 4315 1221 4374 quam

324 4521 334 4556 Ι
