2892 4902
230 319 343 368 XXXIV

229 467 335 528 verbia
365 467 507 528 videntur
541 467 701 543 praecipue
744 467 853 544 fuisse,
895 487 970 544 quae
1007 469 1166 530 ediscenda
1203 472 1301 532 suasit

231 554 335 616 Cicero
353 556 467 632 Leptae
490 555 551 615 filio
576 549 629 636 (ad
651 557 734 616 Fam.
757 556 810 632 VI,
836 549 901 634 18).
947 558 1074 618 Praeter
1096 559 1170 618 haec
1193 562 1297 619 autem

229 646 263 704 in
291 645 485 705 oeconomicis
516 645 685 721 praeceptis
718 646 778 704 alia
815 646 962 721 quaedam
992 647 1135 706 uberiora
1164 649 1300 708 carmina

230 733 370 793 habenda
394 736 477 807 sunt,
506 753 582 810 quae
609 734 661 793 IV.
689 734 843 794 rusticis
867 736 905 794 de
928 753 1001 812 agro
1025 736 1148 796 colendo
1172 730 1296 816 (383-

232 816 310 903 617)
344 826 375 882 66
412 822 448 880 V.
485 823 752 883 mercatoribus
790 823 826 883 de
862 824 1056 901 navigatione
1089 816 1298 907 (618-694)

230 913 384 987 praecepit
413 911 580 986 Hesiodus,
612 911 792 971 Helotarum
821 916 912 989 poeta
941 914 1065 989 propter
1093 913 1126 972 id
1155 915 1255 990 ipsum
1278 935 1297 974 a

229 999 379 1077 Spartano
409 1019 482 1076 rege
512 1000 608 1060 dictus
639 994 689 1081 (cf.
719 1001 787 1060 Dio
818 999 941 1077 Chrys.
972 1001 1024 1063 Or.
1050 1002 1090 1062 ΙΙ.
1113 1024 1143 1079 p.
1169 1005 1210 1062 74
1230 997 1296 1086 sq).

229 1089 266 1148 In
294 1090 461 1165 praeceptis
489 1090 642 1149 rusticis
671 1093 830 1165 praeterea
861 1090 1033 1149 habendum
1064 1093 1111 1151 est
1137 1091 1191 1151 VI.
1218 1092 1296 1151 illud

230 1177 454 1254 Calendarium,
485 1179 564 1254 quod
592 1177 740 1255 Operibus
768 1178 909 1238 adiicitur
936 1180 1005 1238 inde
1033 1198 1053 1239 a
1074 1200 1102 1240 v.
1128 1182 1202 1241 765.
1247 1180 1296 1242 Ab

207 1262 276 1327 ‘his
305 1266 442 1327 omnibus
470 1268 519 1327 via
546 1285 581 1327 ac
607 1268 725 1327 ratione
753 1285 877 1343 prorsus
906 1268 1024 1328 diversa
1052 1271 1123 1328 sunt
1150 1269 1211 1328 tria
1234 1288 1296 1329 car-

199 1405 202 1412 .
229 1357 319 1429 mina,
343 1376 470 1432 quorum
492 1355 622 1432 primurn
651 1349 785 1437 V11.(v.
809 1351 978 1438 42-105)
1002 1358 1038 1416 de
1062 1358 1240 1419 Prometheo
1265 1361 1296 1418 et

231 1445 369 1505 Pandora
387 1445 521 1504 fabulam
540 1445 742 1522 prosequitur,
766 1446 897 1504 alterum
920 1445 1003 1506 VIII.
1027 1439 1234 1526 (109-201)
1258 1448 1296 1507 de

229 1535 360 1610 quinque
388 1534 539 1593 aetatibus
568 1535 644 1610 agit,
668 1535 794 1593 tertium
816 1534 867 1594 IX.
892 1527 1099 1615 (513-535)
1123 1536 1295 1612 descriptio-

227 1642 296 1682 nem
325 1623 432 1681 hiemis
461 1622 572 1683 adiicit.
618 1615 668 1701 (V.
697 1621 822 1683 Steitz.
850 1623 961 1682 Wsrke
988 1643 1017 1683 u.
1046 1624 1128 1701 Tage
1150 1643 1180 1700 p.
1205 1618 1292 1707 137).

228 1710 369 1771 Ceterum
395 1711 543 1787 imprimis
572 1711 664 1771 etiam
691 1712 855 1771 notandum
883 1715 929 1772 est
959 1732 1014 1788 per
1036 1713 1240 1789 apostrophen
1262 1732 1295 1773 se

227 1801 401 1861 convertere
429 1803 549 1875 poetam
578 1801 616 1859 ad
644 1800 781 1876 Persem,
809 1802 935 1860 fratrem
957 1821 1057 1876 suum,
1081 1802 1128 1861 his
1152 1802 1294 1862 16616616

228 1889 361 1948 ethicis
389 1909 416 1948 6.
447 1891 499 1949 27.
527 1891 600 1948 212.
631 1891 704 1948 274.
730 1891 803 1950 286.
829 1892 907 1963 299,
934 1890 968 1948 in
989 1891 1144 1951 rusticis
1167 1911 1195 1951 v.
1220 1893 1294 1966 397,

113 1985 121 2002 '
226 1977 258 2036 in
280 1977 450 2054 praeceptis
479 1977 516 2036 de
543 1978 779 2054 navigatione
806 1999 834 2038 u.
864 1981 937 2039 633.
962 1981 1040 2055 641,
1068 1979 1098 2038 16
1126 1980 1294 2056 politicis

226 2084 298 2126 vero
323 2059 364 2146 (v.
388 2067 466 2139 248,
492 2058 570 2149 263)
593 2086 630 2126 66
653 2068 765 2127 mentio
789 2067 910 2143 quidem
932 2067 1064 2128 iniicitur
1087 2068 1211 2145 Persae,
1241 2068 1294 2128 sed

228 2155 344 2231 Reges
369 2154 541 2231 adloquItur
563 2159 661 2231 poeta,
686 2157 723 2215 ad
742 2175 816 2232 quos
840 2157 960 2232 proprie
982 2157 1102 2217 videtur
1125 2158 1181 2218 hcc
1204 2176 1293 2233 argu-

226 2247 364 2304 mentum
391 2244 551 2320 pertinere.
596 2245 632 2304 In
661 2242 879 2305 Calendario
909 2249 940 2304 et
966 2245 998 2304 in
1025 2247 1124 2306 tribus
1147 2246 1209 2306 illis
1233 2265 1293 2304 am-

227 2333 372 2409 plioribus
392 2333 581 2408 carminibus
605 2353 681 2410 quae
699 2335 786 2394 modo
806 2335 1044 2410 commemoravi,
1067 2335 1151 2394 nulla
1174 2335 1294 2396 omnino

228 2422 427 2499 apostrophes
454 2423 580 2496 mentio,
607 2442 704 2499 neque
732 2424 771 2482 ad
797 2424 910 2484 Persen
931 2425 1089 2500 nequead
1113 2425 1203 2484 aliam
1226 2443 1293 2500 per-

228 2529 332 2571 sonam
355 2513 466 2570 certam
492 2512 630 2580 directae.
676 2511 769 2572 'Vides
791 2512 887 2589 igitur
910 2532 1052 2589 magnam
1075 2512 1295 2573 dubitationem

231 2599 266 2659 de
289 2618 349 2659 uno
372 2601 481 2659 horum
503 2602 668 2660 carminum
690 2605 812 2661 auctore
839 2602 921 2660 iniici
943 2605 975 2658 et
996 2605 1120 2676 propter
1143 2601 1295 2660 diversam

229 2689 443 2765 apostrophen,
472 2707 547 2764 quae
570 2710 664 2748 unum
687 2691 873 2764 eundemque
896 2691 1017 2764 poetam
1039 2689 1072 2744 in
1094 2704 1153 2744 unc
1177 2689 1295 2746 eodem-

228 2796 286 2853 que
317 2780 455 2853 poemate
484 2796 544 2837 non
574 2779 671 2856 decet,
700 2781 731 2838 et
756 2781 880 2854 propter
908 2775 1051 2834 omissam
1077 2789 1201 2847 prorsus
1224 2791 1295 2846 apo-

227 2866 379 2943 strophen.
425 2866 469 2926 Ac
491 2867 622 2942 primum
645 2867 767 2943 quidem
789 2867 894 2940 patere
916 2861 1037 2930 uidetur
1060 2861 1227 2920 accuratius
1250 2860 1294 2920 16-

227 2955 422 3030 spicientibus
451 2953 709 3015 calendarium
727 2952 826 3026 ,istud
858 2949 1008 3026 posterius
1038 2949 1188 3009 adiectum
1218 2969 1293 3010 esse.

216 3037 313 3125 Ἔργα
337 3043 415 3102 enim
437 3045 533 3120 primo
552 3044 784 3121 appellabantur
801 3041 875 3098 baec
898 3038 1028 3098 carmina
1052 3033 1217 3120 (Pausan.
1239 3039 1292 3114 IX,

225 3128 284 3211 31)
317 3151 371 3192 nec
402 3133 620 3209 Aristophanes
655 3124 743 3211 (Rau.
776 3120 876 3206 1034)
906 3145 993 3186 nosse
1022 3128 1142 3188 videtur
1171 3121 1292 3206 ἡμέρας,

225 3223 332 3296 postea
359 3241 429 3282 vero
449 3217 546 3302 Ἔργα
571 3217 623 3280 καὶ
645 3211 783 3296 Ἡμέραι,
811 3236 879 3276 cum
902 3214 1112 3276 Calendarium
1140 3217 1291 3277 adiectum

224 3390 337 3429 versum
354 3390 411 3428 non
430 3373 466 3427 ud
480 3372 570 3427 filium
583 3370 695 3424 referet.
710 3398 744 3408 -
759 3369 845 3423 Recte
868 3385 935 3424 vero
953 3369 1046 3424 omnia
1064 3370 1218 3439 procedent
1235 3371 1293 3422 ter-

224 3444 265 3498 tio
283 3461 367 3500 versu
384 3443 524 3514 explicato
543 3441 658 3511 quidem
676 3439 727 3505 ita,
745 3439 788 3494 uti
806 3441 894 3494 suasit
912 3440 1110 3508 Doederlinus,
1130 3441 1179 3496 sed
1197 3439 1291 3508 posito

225 3518 290 3570 ante
313 3533 391 3582 eum,
412 3514 461 3582 qui
478 3514 509 3567 in
526 3511 606 3566 libris
629 3509 737 3579 primus
760 3511 833 3580 (376)
857 3514 908 3566 666.
946 3510 1014 3565 Cum
1037 3512 1132 3567 autem
1156 3510 1243 3566 etiam
1261 3509 1292 3565 in

224 3588 326 3656 quarto
345 3584 505 3653 requiratur
522 3584 581 3650 καί,
600 3583 654 3636 erit
670 3581 720 3636 illo
740 3581 779 3636 616
798 3582 973 3637 scribendus:

323 3654 375 3726 ῥέα
394 3654 426 3710 de'
447 3673 480 3708 κε
500 3653 549 3707 καὶ
566 3647 715 3707 πλεόνεσσι
733 3647 818 3721 πόροι
836 3650 907 3716 Ζεὺς
926 3648 1054 3723 ἄφθιτον
1074 3649 1186 3724 ὅλβον.“

223 3727 255 3782 Si
274 3727 425 3782 cohaerent
446 3724 520 3778 inter
539 3740 568 3778 se
586 3723 617 3776 hi
635 3741 744 3792 versus,
770 3724 857 3778 666166
876 3741 936 3780 6666
955 3726 1025 3779 duco
1045 3725 1169 3779 statuere
1188 3741 1291 3793 μουνο-

227 3799 295 3868 γενῆ
314 3799 406 3851 παῖδα
425 3795 532 3849 dictum
551 3811 611 3850 esse
631 3796 728 3850 cadem
747 3794 951 3866 significatione
970 3798 1056 3865 atque
1076 3795 1183 3865 μοῦνον
1203 3793 1291 3864 expli·

225 3869 412 3935 eundumque:
433 3865 598 3936 optimum
617 3867 696 3936 erit,
714 3868 751 3922 ut
769 3867 829 3921 uni
845 3867 1084 3922 hereditatem
1102 3865 1291 3934 relinquas.

223 3939 313 3994 Addit
330 3939 518 3993 Hermannus:
538 3938 704 4008 „Praeterea
717 3939 793 3993 haud
812 3939 920 3994 661666
934 3937 1065 3993 ultimum
1083 3954 1198 3992 versum
1216 3938 1291 4006 (380)

224 4011 264 4066 616
283 4009 368 4064 scribi
386 4010 524 4077 praestet:

367 4081 472 4134 πλείων
490 4076 544 4151 γὰρ
562 4081 671 4136 notior
691 4079 799 4151 μελέτη,
819 4083 921 4150 μείζων
940 4074 965 4134 d'
986 4075 1146 4147 &cuatuor

225 4151 255 4206 Si
285 4151 436 4206 cohaerent
463 4151 533 4207 haec
561 4169 624 4206 cum
651 4151 895 4219 antecedentibus,
922 4152 1048 4220 praestat
1076 4167 1143 4206 sane
1171 4144 1238 4217 γάρς
1267 4148 1292 4204 61

223 4223 363 4291 generalis
382 4225 425 4278 est
444 4222 583 4279 sententia
604 4241 655 4294 per
678 4240 706 4278 66
726 4221 892 4292 spectanda,
915 4239 972 4277 non
995 4238 1064 4291 opus
1084 4221 1139 4277 erit
1156 4220 1211 4275 hac
1230 4237 1292 4274 cor-

222 4295 354 4350 rectione.
1148 4315 1149 4318 ¹
