2948 4906
540 306 634 359 nens
653 307 717 359 ΚΑΙ
735 310 886 362 suuper.
1187 313 1267 390 207,

184 455 256 545 τῇδ’
283 455 330 537 εἷς
352 461 373 545 η
397 455 426 525 d
451 453 496 526 civ
519 458 584 546 ἐγώ
607 485 668 548 περ
692 459 775 547 ἄγοι,
798 464 853 530 καί
877 461 998 533 ἀοιδὸν
1022 467 1160 533 ἐοῦσαν·
1232 533 1235 538 ,

185 567 323 632 βελπνον
347 563 393 650 δ’,
416 573 456 632 αί
473 563 500 632 κ’
527 567 645 652 ἐθέλω,
668 567 860 656 ποιήσομαι,
884 568 923 657 ἠὲ
946 571 1094 658 μεθήσω.

185 667 320 758 [ἄφρων
335 668 367 736 δ’
390 669 427 751 ὅς
444 669 471 738 κ’
494 672 595 760 ἐθέλη
609 670 693 760 πρὸς
705 679 903 760 κρείσσονας
917 674 1151 766 ἀντιφερίζειν,
1198 696 1251 746 210

182 779 278 861 νίκης
300 800 335 843 τε
359 776 507 864 στέρεται
530 776 613 866 πρός
635 776 660 846 τ’
687 788 837 866 αίσχεσιν
861 779 964 866 ἄλγεα
986 782 1127 869 πάσχει]

263 877 323 961 Ὣς
347 880 437 968 ἔφατ’
464 880 633 969 ὠκυπέτης
657 886 743 974 ίρηξ,
765 891 1006 976 τανυσίπτερος
1029 886 1133 977 ὅρνις.

264 1084 307 1161 Ὦ
324 1094 451 1181 Πέρση,
475 1092 518 1161 σὺ
543 1092 575 1161 δ’
605 1094 707 1166 α”κουε
731 1101 860 1185 δίκης,
884 1096 963 1184 μηδ’
988 1096 1090 1184 ὕβριν
1114 1097 1249 1186 ὄφελλε·

181 1197 280 1289 ὕβρις
301 1199 366 1286 γάρ
387 1226 424 1269 τε
446 1198 529 1287 κακὴ
554 1204 652 1294 δειλῷ
676 1207 801 1295 βροτῷ·
825 1201 906 1272 οὐδὲ
929 1203 991 1291 μὲν
1015 1203 1137 1284 ἐσθλὸς

252 1376 285 1431 V.
306 1382 366 1432 208.
404 1376 595 1432 Mitscherl.
620 1375 683 1450 τῇδ’
708 1411 741 1419 -
765 1376 839 1450 dyo·
864 1381 914 1436 καλ
936 1376 1038 1436 ἀοιδὸν
1062 1377 1167 1437 ἐοῦσαν
1190 1385 1249 1437 θεῖ-

179 1442 305 1573 ᾏινόνοιί,
320 1442 380 1573 &a
402 1443 508 1573 ίθέὲρ),
525 1444 695 1574 γρριίγσομὲι.
722 1450 785 1575 ξω
809 1447 873 1576 epi}
892 1451 1015 1508 Gramm.
1035 1469 1081 1521 ap.
1105 1452 1248 1508 Cramer.

205 1536 233 1573 n.
275 1537 302 1574 X.
362 1560 368 1573 .
407 1563 413 1574 .
504 1539 520 1572 τ
585 1539 630 1574 αἱ).
768 1565 774 1576 .
876 1566 881 1578 ,

250 1589 285 1644 V.
303 1595 365 1645 209.
386 1537 440 1644 poel'
452 1584 476 1643 κ’
498 1539 620 1672 tillo]
640 1537 715 1646 Pali:0
723 1541 892 1648 ninevitis.

250 1660 284 1715 V.
309 1665 361 1714 210
386 1677 442 1729 seq.
479 1661 512 1714 ut
538 1677 648 1730 spurios
676 1663 787 1718 notavit
814 1664 1047 1719 Aristarchus.
1090 1663 1130 1718 Cf.
1156 1665 1249 1719 Twe-

180 1734 262 1788 sten.
281 1731 300 1787 l.
319 1729 338 1785 1.
357 1749 385 1800 p.
404 1737 448 1787 22.
481 1730 590 1786 Steitz
607 1749 634 1800 p.
656 1737 698 1788 ⁷2.
732 1732 882 1791 Sohoem.
902 1751 972 1790 com.
991 1752 1018 1804 p.
1035 1740 1085 1789 29:
1109 1735 1249 1804 „Damna-

179 1803 222 1858 vit
245 1803 321 1858 enim
349 1817 408 1869 eos,
437 1805 470 1857 nt
487 1802 602 1857 Procius
624 1803 723 1872 refert,
753 1799 791 1866 ὥς
813 1800 907 1879 ἀλόγῳ
931 1809 1121 1875 γνωμολογεῖν
1140 1800 1193 1859 οὖν
1212 1799 1249 1860 ἂν

179 1873 329 1944 προσῆκον.
367 1873 405 1926 Et
421 1873 562 1941 permovit
579 1874 650 1928 haec
668 1875 741 1930 ratio
760 1874 924 1946 Graevinm,
943 1878 976 1931 ut
994 1875 1132 1946 aptiorem
1149 1875 1184 1930 iis
1204 1893 1247 1931 se-

180 1944 244 1999 dem
262 1944 328 2013 post
344 1961 371 1998 v.
391 1948 444 1997 212
468 1944 667 2020 assignandam
692 1949 830 2014 censeret,
853 1947 901 2002 ubi
925 1963 981 2001 non
1000 1946 1142 2016 accipitris
1160 1947 1248 2002 verba

180 2018 281 2082 essent,
300 2013 349 2068 sed
368 2013 552 2082 epimytbium
566 2016 602 2069 ab
619 2015 679 2083 ipso
694 2018 779 2085 poeta
798 2017 934 2072 additum.
972 2016 1061 2072 Credo
1080 2020 1176 2072 autem
1193 2035 1250 2072 non

179 2085 260 2141 illam
282 2100 369 2138 unam
391 2084 553 2139 Aristarcho
577 2085 730 2140 damnandi
754 2103 868 2142 causam
886 2087 985 2155 fuisse,
1005 2088 1055 2142 sed
1074 2087 1250 2143 animadver-

178 2156 247 2212 tisse
270 2154 400 2211 criticum
423 2155 629 2224 acutissimum,
657 2174 713 2212 non
736 2158 805 2213 satis
830 2161 896 2226 apte
921 2158 1056 2213 eiusmodi
1080 2159 1249 2213 sententiam

179 2229 216 2283 ab
234 2225 370 2296 accipitre
397 2225 533 2280 lusciniae
562 2225 667 2296 occini,
696 2227 800 2297 quippe
823 2244 896 2297 quae
919 2245 970 2283 nec
995 2228 1030 2282 de
1048 2227 1168 2283 victoria
1186 2246 1249 2283 cum

178 2298 229 2354 illo
249 2300 365 2362 certare,
383 2313 483 2365 neque,
503 2314 567 2351 cum
580 2297 691 2352 fortiori
705 2299 908 2368 succumberet,
928 2298 1081 2380 quidquam
1096 2315 1130 2352 ex
1149 2316 1182 2353 eo
1202 2299 1248 2354 de·

179 2367 287 2424 decoris
311 2367 475 2422 contrahere
494 2367 625 2436 potuerit.
663 2368 761 2437 ltaque
779 2369 834 2424 hoc
854 2369 924 2424 adeo
943 2368 1126 2423 manifestum
1144 2371 1198 2438 est,
1217 2372 1252 2424 ut

180 2455 232 2509 ⁰⁸⁰
252 2438 1250 2566 ‘³³¹⁰ittet.dllttdtdt.ll.‘;⁸..'tllt.i”elleltt.2b

178 2525 1250 2722 lierus..eramusqueersusuu·

178 2739 244 2778 nere
262 2721 387 2791 potuisse
405 2691 468 2775 non'
479 2720 554 2790 fugit
572 2721 722 2776 Schoem.
743 2722 936 2792 sagacitatem.

248 2792 284 2846 V.
303 2797 364 2847 210.
403 2786 509 2861 ἐθέλη
540 2791 585 2846 Al.
606 2787 712 2860 ἐθέλοι,
731 2813 763 2848 κε
783 2793 837 2849 θέλ
875 2793 939 2848 Vat.
958 2799 983 2848 2.
1004 2811 1035 2846 κε
1054 2792 1137 2847 θέλει
1154 2792 1217 2847 Par.

249 2863 284 2918 V.
303 2868 364 2917 213.
402 2857 507 2916 ἄκουε
541 2861 818 2934 Spohn.exEtym.
869 2883 919 2934 .p.
940 2858 1119 2932 43,5orid'
1139 2859 1249 2930 ellade

179 2951 235 3005 qua
248 2951 379 2988 mensura
393 2933 574 2988 vehementer
587 2932 762 3000 dubitamus3
781 2952 806 2990 v.
821 2935 932 2991 Herm.
947 2934 984 2988 ad
997 2933 1139 3004 Aristoph.
1154 2933 1248 2988 Nubb.

180 3012 240 3061 646.
269 3005 333 3059 οοΠ.
357 3004 439 3073 Oper.
465 3021 491 3058 v.
516 3008 576 3059 275.
615 3003 745 3059 Ceterum
772 3021 844 3073 quae
872 3008 1039 3075 sequuntur,
1062 3021 1080 3058 a
1105 3003 1249 3059 Lehrsio

180 3077 304 3146 (Quaest.
319 3092 383 3144 epp.
401 3092 429 3143 p.
443 3077 506 3144 239)
526 3076 692 3143 separantur
710 3075 745 3129 ab
760 3075 990 3130 antecedentibus
1010 3079 1038 3130 et
1056 3073 1247 3146 sequentibus,

179 3164 243 3202 cum
261 3166 288 3201 v.
307 3151 448 3200 213-341
467 3145 497 3198 in
516 3145 641 3215 singulas
660 3146 813 3201 sententias
832 3146 870 3200 ad
887 3146 1027 3201 vocabula
1045 3147 1118 3213 Δίκη
1138 3161 1171 3186 ³-
1188 3140 1249 3199 Ἐσ-

178 3214 249 3281 θλός
268 3248 301 3257 -
315 3211 419 3283 Ἔργον
444 3216 613 3272 illustranda
635 3216 776 3284 dissolvit,
800 3234 919 3286 querum
937 3217 1028 3286 prima
1046 3217 1204 3272 continetur
1222 3235 1249 3272 v.

179 3294 330 3355 213-218,
351 3287 441 3341 altera
455 3305 480 3343 v.
496 3293 557 3356 219,
577 3292 638 3356 224,
657 3292 809 3355 225-226‚
828 3289 947 3342 tertiae
967 3303 1073 3342 conexu
1091 3290 1186 3342 nostro
1204 3304 1249 3342 re-

179 3362 257 3416 mota
274 3377 300 3414 v.
321 3363 476 3425 220-221,
497 3360 598 3426 quarta
616 3375 642 3413 v.
662 3364 804 3412 225—237
824 3359 864 3427 (in
882 3357 983 3427 quibus
1001 3360 1096 3412 autem
1114 3377 1140 3414 v.
1160 3363 1250 3411 232-

180 3437 231 3485 237
251 3431 341 3485 altera
360 3428 484 3483 recensio
507 3446 637 3483 versuum
661 3434 802 3483 227-231
822 3431 884 3497 est).
922 3428 963 3483 cf.
983 3428 1067 3482 anim.
1086 3428 1123 3482 ad
1140 3446 1166 3482 v.
1187 3434 1248 3483 238.

251 3501 286 3554 V.
306 3506 368 3555 214.
406 3494 489 3554 ccidi
510 3495 582 3570 μέν]
603 3498 815 3554 Gerherdiue
834 3501 904 3555 coni.
925 3494 994 3554 orids'
1014 3517 1069 3569 μιν.

216 3660 250 3715 V.
270 3664 330 3715 208.
370 3656 432 3730 εἷς]
451 3659 529 3713 Nota
542 3659 571 3713 et
584 3657 631 3712 hic
645 3657 688 3711 fu-
743 3659 798 3726 let,
823 3677 850 3714 v.
873 3657 1042 3712 Welcker.
1061 3655 1191 3725 Prolegg.
1213 3657 1249 3710 ad

181 3735 275 3787 turam
299 3730 382 3784 huius
404 3728 559 3798 praesentis
583 3728 688 3798 signifi-
745 3729 936 3800 Theognidp.
944 3727 1042 3781 XXIII.
1068 3725 1248 3780 Thiersch.

184 3802 338 3868 ostionem,
367 3817 425 3869 qua
447 3817 499 3869 pro
522 3799 689 3869 imperativo
744 3800 806 3854 Act.
821 3800 896 3855 Mon.
911 3799 958 3852 III.
973 3817 999 3868 p.
1014 3801 1076 3851 405.
1102 3797 1161 3850 Iam
1176 3813 1249 3865 quae

183 3891 249 3928 usus
270 3875 313 3927 est
330 3870 478 3926 Hesiodus.
745 3871 900 3940 sequuntur
924 3870 965 3924 ita
992 3866 1159 3937 explicabis:
1187 3884 1247 3922 sae-

220 3945 253 3998 V.
271 3948 331 3997 214.
370 3936 480 4012 ὕβρις]
500 3941 688 4010 locupletibus
744 3941 807 4010 pins
827 3941 913 3995 etiam
936 3939 980 3995 vir
1001 3940 1091 3994 bonus
1116 3938 1144 4005 (i.
1165 3954 1188 3992 e.
1208 3939 1250 3992 di-

185 4017 215 4070 et
228 4012 413 4084 optimatibus
428 4015 471 4066 est
485 4012 627 4080 damnosa,
641 4028 688 4065 ne·
745 4027 794 4065 ves
809 4015 838 4066 et
852 4027 953 4080 genere
963 4009 1147 4080 praepollens,
1163 4025 1180 4063 a
1194 4025 1250 4077 quo

186 4086 253 4140 dum
268 4100 358 4154 egeno
373 4085 402 4138 et
416 4082 518 4137 humili
530 4082 594 4137 loco
608 4084 689 4150 nato;
746 4081 841 4137 omnia
859 4081 916 4136 alia
934 4079 1115 4164 exspectaris)
1135 4097 1152 4134 a
1169 4081 1251 4148 pctu-

184 4156 219 4210 de
238 4158 291 4210 hac
316 4152 518 4224 significatione
541 4153 690 4208 vocabulo·
744 4152 836 4206 lautia
855 4169 884 4206 se
904 4150 996 4220 abripi
1014 4150 1130 4222 patitur,
1150 4147 1250 4218 φέρειν

183 4245 247 4280 rum
266 4223 360 4288 δειλός
378 4226 408 4279 et
426 4219 537 4293 ἐσθλός,
557 4240 629 4293 quae
648 4240 690 4279 sa·
746 4218 780 4277 οὐ
809 4217 932 4277 δύναται
955 4224 999 4290 (ut
1021 4221 1151 4277 dicimus:
1174 4219 1250 4301 male

183 4313 308 4366 nequam
327 4296 444 4364 antiqua
463 4297 592 4364 tempora
611 4294 689 4348 redo·
745 4293 835 4348 ferre
860 4293 1061 4361 fortunam),
1094 4291 1252 4345 succumbit
