2948 4906
528 289 623 340 ΕΡΓΔ
641 290 705 340 ΚΑΙ
722 290 875 342 ΗΜΕΡΑῙ.

1176 289 1237 354 193

164 447 263 530 σιγῇ,
286 442 356 510 ἐπεὶ
379 438 499 528 φωνὴν
523 443 662 524 ἐξείλετο
687 447 821 529 μητίετα
846 442 940 524 Ζεύς.

166 546 288 632 [οὕτως
312 545 385 615 οὔτι
408 570 452 634 ειη
477 551 544 615 ἐσσι
570 546 656 628 Διὸς
677 548 763 617 νόον
787 551 1011 636 ἐξαλέασθαι]

1186 568 1237 618 105

195 703 196 706 ,
259 657 316 736 [El
339 649 371 719 β’
398 655 541 738 ἐθέλεις,
566 649 758 742 ἔτερόνσοι
781 653 845 740 ἐγὼ
869 656 973 742 λόγον
997 655 1220 744 ἐκκορυφώσω

164 749 205 826 εὖ
229 758 285 826 καὶ
310 760 553 845 ἐπισταμένας,
578 756 635 848 (σὺ
659 756 693 826 d'
719 760 771 828 ἐνὶ
794 762 893 848 φρεσὶ
916 761 1037 847 βάλλεο
1061 763 1197 851 operat]

164 949 226 1037 [ὡς
249 949 379 1039 ὁμόθεν
402 931 541 1039 γεγάασι
565 954 642 1020 θεοὶ
664 959 792 1040 θνητοί
811 951 843 1022 τ’
869 953 1069 1042 άνθροιποι.]

255 1146 410 1236 Χρύσεον
433 1148 495 1235 μέν
518 1147 686 1238 πράτιστα
710 1151 808 1235 γένος
831 1149 987 1239 μερόπων
1011 1147 1206 1238 άνθροόπων

237 1341 270 1396 V.
291 1347 351 1396 104.
388 1337 565 1411 ἠθετημένος
583 1357 637 1398 seo.
656 1343 823 1399 Proclum.

236 1412 271 1466 V.
293 1417 352 1466 105.
389 1413 449 1481 πη]
470 1412 516 1467 Sic
530 1413 589 1466 Me.
608 1412 672 1468 Vat.
693 1413 757 1468 Vat.
773 1421 797 1468 2.
817 1413 872 1469 V2.
891 1414 954 1471 Per.
987 1414 1111 1468 Aleum
1124 1416 1237 1472 Aaron.

163 1515 198 1523 -
218 1482 321 1537 Versus
340 1500 403 1537 cum
422 1482 564 1538 Lehrsio
584 1482 747 1546 eiiciendus,
756 1487 807 1538 est.

234 1551 268 1608 V.
287 1558 347 1608 106.
375 1554 407 1606 Iu
421 1553 507 1608 lituro
521 1554 607 1608 estin
621 1570 676 1608 uno
691 1553 787 1609 codice
802 1571 846 1624 ap.
856 1555 955 1610 Lana.
971 1585 1004 1594 —
1019 1554 1115 1618 θέλεις
1129 1556 1161 1611 G.
1171 1556 1234 1612 MS.

163 1623 263 1679 incert.

237 1695 272 1749 V.
294 1699 353 1749 108.
391 1688 444 1763 erip
463 1689 573 1764 ὁμόθεν
596 1694 746 1766 adscripsit
763 1696 867 1766 Heyn.
905 1695 937 1750 In
956 1696 1011 1750 Vl.
1035 1697 1100 1765 post
1122 1691 1235 1765 ἅνθρω-

165 1784 216 1819 ποι
234 1765 317 1834 plene
335 1765 551 1835 interpungitur.

235 1835 269 1890 V.
290 1841 448 1891 109-901.
485 1835 681 1892 Narrationem
705 1839 739 1892 de
767 1833 892 1906 'quinque
918 1836 1064 1891 hominnm
1086 1836 1235 1906 generibus

199 2010 233 2065 V.
249 2017 308 2066 104.
333 2012 426 2082 σιγῇ]
450 2011 577 2067 Scholr
597 2008 671 2067 άθό·

163 2102 198 2151 ρυ
218 2077 318 2208 calpe?
337 2080 575 2208 ῗόλέρξόόόιόω
600 2171 661 2208 com

163 2240 191 2292 p.
212 2229 258 2276 21:
291 2223 476 2293 „Transitum
498 2223 607 2278 faciunt
634 2223 671 2278 ad

165 2295 330 2363 sequentem
345 2293 380 2348 de
390 2295 514 2364 quinque
528 2294 670 2349 aetatibus

162 2364 274 2433 generis
314 2365 432 2419 humani
471 2365 670 2433 narrationem,

161 2437 229 2489 sunt
243 2437 338 2490 autem
358 2435 504 2506 eiusmodi,
522 2437 555 2489 ut
571 2452 590 2490 a
602 2451 669 2505 quo-

162 2505 235 2560 libet
257 2506 293 2559 ad
317 2506 464 2575 quodlibet
486 2505 563 2560 aliud
587 2523 669 2576 ergu-

161 2577 290 2630 mentnm
302 2592 351 2631 seu
364 2576 454 2632 simile
470 2593 519 2631 seu
533 2575 669 2632 dissimile

163 2647 203 2700 sic
231 2645 345 2700 transiri
372 2648 523 2716 potuerit.“
569 2649 670 2716 Itaque

163 2732 220 2771 non
235 2717 351 2770 dubium
360 2717 480 2785 videtur,
494 2717 562 2788 quin
576 2734 594 2772 a
607 2734 670 2772 con·

166 2787 310 2842 cinnatore
341 2789 441 2843 inserti
473 2787 537 2842 sint.
582 2788 670 2843 Recte

165 2857 283 2914 Steita.
302 2877 330 2928 p.
345 2864 378 2912 51
399 2859 605 2918 consarcinatos
624 2875 671 2914 eos

164 2945 223 2984 esse
242 2929 337 2983 docuit
352 2946 386 2984 ex
399 2931 431 2984 ll.
446 2931 481 3000 X,
493 2935 554 2985 265.
574 2930 595 2998 I,
610 2935 671 2984 297.

165 2999 217 3067 IV,
237 3005 279 3055 39.
318 2999 369 3054 Od.
389 3001 453 3072 XX,
474 3007 532 3057 161.
569 3001 670 3068 XXIII,

167 3075 217 3124 197
237 3072 266 3124 et
284 3070 320 3124 al.

199 3139 233 3194 V.
259 3145 319 3195 107.
366 3136 404 3196 σά
431 3136 461 3194 d’
491 3137 543 3196 ἐνὶ
568 3140 671 3211 φρεσὶ

164 3205 287 3284 βάλλεο
302 3211 418 3283 σῇσιν]
434 3212 479 3266 Sic
492 3212 594 3268 Lithic
609 3217 670 3268 638.

199 3281 232 3338 V.
262 3287 321 3336 108.
372 3283 548 3338 Lehrsius:
594 3282 669 3352 „Hic

162 3368 258 3407 versus
281 3353 394 3408 aliunde
423 3354 600 3424 desumptus,
623 3354 671 3408 vel

164 3423 251 3477 etiam
273 3425 314 3494 (et
331 3425 384 3478 hoc
402 3425 495 3494 potius
514 3425 668 3491 credemus)

165 3494 190 3547 si
207 3495 308 3562 postea
326 3496 359 3548 ut
372 3495 445 3550 coire
459 3496 600 3550 videretur
618 3496 670 3548 im-

161 3563 252 3633 perite
271 3567 411 3620 mutatum
428 3568 559 3634 putamus
579 3566 669 3634 (pote-

162 3637 207 3688 rat
225 3651 240 3688 e
259 3652 285 3704 g.
306 3652 366 3690 esse
386 3631 416 3701 ἐξ
433 3631 543 3706 ὁμόθεν
562 3667 596 3676 —-
617 3636 669 3694 Od.

163 3705 202 3773 V,
221 3711 285 3774 477)
317 3708 502 3776 proverbialis
530 3706 669 3762 sententia

161 3776 324 3831 hexametro
361 3795 416 3832 uno
453 3778 583 3832 absoluta
612 3778 669 3832 huc

162 3846 289 3927 intravit,
303 3849 378 3915 qnod
393 3848 427 3903 d'e
441 3849 593 3903 Hominum
607 3848 668 3903 Ori-

162 3933 229 3986 gine
261 3917 291 3970 in
319 3934 352 3972 eo
380 3935 469 3974 sermo
495 3923 550 3989 est,
583 3921 613 3974 et
639 3919 669 3972 in

161 3987 289 4056 proxime
324 3990 512 4057 sequentibus.
567 3989 669 4056 Qualia

162 4059 292 4128 exempla
309 4077 383 4113 nnnc
407 4059 514 4115 affatim
531 4061 668 4116 novimus.

164 4129 310 4184 Sententia
329 4130 353 4185 si
375 4131 436 4185 sola
458 4132 613 4201 spectatur,
636 4133 668 4186 ut

163 4199 252 4269 decet,
266 4201 341 4256 bona
351 4203 409 4257 est:
424 4219 490 4256 nam
502 4199 536 4256 ἓν
546 4197 668 4272 ἀνδρῶν,

163 4268 420 4340 ἐνθνατῶνγένος·
432 4268 576 4342 deperierit
584 4272 669 4328 πνέο-

216 4370 319 4412 Hrsron.
334 4370 367 4412 ed.
383 4371 496 4424 Gottling.

724 2009 906 2138 ellel
928 2008 1230 2140 tetendit

799 2127 805 2138 ι
860 2125 867 2150 ,
901 2127 908 2140 ο
1221 2115 1232 2125 “

725 2171 772 2208 cus
787 2153 908 2208 Dionis
923 2153 1038 2222 Chrys.
1055 2155 1087 2209 T.
1097 2155 1117 2210 I.
1132 2173 1160 2224 p.
1171 2160 1232 2210 550.

723 2224 817 2294 hymn.
844 2225 956 2294 Apoll.
977 2226 1057 2280 336.“
1098 2225 1162 2279 Non
1185 2226 1233 2280 ad-

724 2296 871 2350 versantur
908 2294 1029 2351 Steita.
1065 2313 1093 2364 p.
1121 2300 1164 2349 Υ51
1203 2298 1233 2352 et

725 2366 876 2423 Schoem.
890 2365 910 2418 l.
924 2365 943 2421 l
959 2383 987 2435 p.
1002 2371 1049 2419 22:
1079 2364 1176 2433 „Fieri
1189 2365 1234 2420 fa-

725 2436 778 2490 cile
788 2435 890 2504 potuit,
900 2437 932 2489 ut
946 2434 1101 2490 versiculus
1115 2435 1181 2490 hinc
1195 2437 1231 2491 ab

724 2506 819 2574 aliquo
828 2505 879 2574 Op.
888 2509 917 2561 et
923 2506 956 2561 D.
967 2506 1072 2561 lectore
1081 2505 1117 2560 ed
1129 2507 1233 2576 margi-

723 2593 788 2642 nem
807 2577 1020 2644 adscriberetur,
1040 2576 1114 2630 unde
1132 2593 1233 2646 perpe·

723 2665 784 2702 ram
797 2663 863 2701 mox
881 2647 912 2701 in
929 2649 1038 2702 textum
1051 2647 1148 2701 illatus
1162 2650 1232 2702 est.“

724 2717 853 2773 Ridicule
879 2717 1028 2773 defendere
1053 2719 1170 2772 conatus
1190 2720 1234 2772 est

725 2789 901 2844 Vollbehr.
920 2807 947 2858 p.
962 2793 1012 2844 35:
1040 2789 1131 2857 „Nam
1151 2788 1232 2857 quid·

725 2860 792 2927 quid
812 2861 944 2914 statueris
959 2859 993 2914 de
1012 2860 1066 2914 fide
1085 2859 1167 2914 huius
1186 2859 1232 2914 de-

725 2929 1030 3056 sppiptiopistaetatum
1047 2930 1174 3054 mythlipep
1185 2931 1234 3054 ve}

784 3019 811 3054 m
915 3019 939 3054 n
1048 3019 1075 3054 rs
1204 3020 1219 3054 σ

725 3018 782 3141 illl
797 3067 844 3126 ἐπὶ
858 3017 985 3142 Ιλιίρλόνόῒ
1001 3018 1095 3140 ἦλῐθανι,1
1111 3065 1156 3125 dr'
1183 3065 1232 3126 οὗ·

725 3142 800 3215 ρανῷ
834 3137 1018 3212 ἐμβασίλευεν
1048 3142 1093 3210 (ef.
1117 3161 1143 3196 v.
1170 3144 1231 3212 191)

724 3213 792 3268 satis
807 3213 1010 3282 comprobatur,
1028 3213 1230 3281 antiquissimis

723 3284 776 3339 diis
794 3284 927 3353 aequales
945 3284 1025 3338 fictos
1045 3300 1105 3339 esse
1123 3284 1229 3353 primos

723 3355 865 3423 mortales,
884 3354 985 3409 deinde
1007 3372 1071 3408 cum
1085 3354 1159 3408 Iovis
1178 3353 1230 3407 im·

722 3426 800 3495 perio
819 3428 895 3480 ortas
913 3441 973 3480 esse
992 3425 1062 3479 alias
1083 3423 1230 3479 hominum

722 3499 833 3566 gentes,
857 3497 890 3550 ut
911 3498 988 3550 recte
1011 3497 1096 3564 po'eta
1119 3495 1229 3562 dixerit,

723 3583 753 3622 se
778 3567 985 3622 illustraturum
1003 3581 1076 3620 esse:
1101 3559 1139 3626 ὥς
1162 3559 1229 3634 ὁμό-

722 3640 778 3691 θεν
800 3658 826 3694 ιι.
850 3657 873 3690 r.
898 3640 920 3690 λ.
973 3635 1072 3704 Neque
1100 3634 1229 3704 sagacius

723 3707 850 3764 Goettl.
860 3725 886 3762 v.
900 3713 950 3762 108
965 3724 1029 3761 oum
1039 3705 1230 3760 antecedenti-

722 3779 774 3833 bus
784 3776 938 3847 coninugit,
954 3777 1150 3845 Lennepius
1165 3793 1230 3830 cnm

723 3849 911 3934 sequentibus.
940 3881 972 3891 -
1001 3848 1043 3902 De
1070 3866 1123 3901 usu
1151 3846 1229 3902 vocis

723 3915 834 3987 ὁμσθεν
848 3919 882 3973 cf.
895 3919 1012 3974 Valok.
1023 3918 1111 3973 Diatr.
1149 3923 1229 3986 Ι946,

723 3991 816 4058 hymn.
846 3990 920 4044 hom.
947 3990 999 4058 IV,
1019 3995 1084 4059 135,
1142 3989 1229 4058 urip.

722 4061 782 4130 Iph.
802 4061 836 4114 A.
854 4079 880 4114 v.
900 4065 950 4114 501
971 4077 1028 4129 seq.

757 4132 971 4186 V.109-201.
1014 4130 1150 4200 „Mythus
1174 4145 1231 4186 von

723 4202 777 4257 den
795 4201 988 4256 Weltalteru“
1006 4202 1053 4256 Fl.

758 4273 793 4328 V.
814 4278 864 4328 109
883 4289 940 4341 seq.
982 4272 1024 4328 De
1043 4272 1166 4341 quinque
1185 4287 1231 4326 se·

982 4366 1015 4413 13
