2938 4892
240 318 304 382 256
703 315 872 367 ΗΣΙΟΔΟΤ

241 473 326 560 μάζά
348 470 377 540 τ’
403 469 584 558 ἀμολγαίη,
605 467 691 555 γάλα
714 464 739 535 τ’
764 471 871 552 αλγάν
895 463 1174 552 σβεννυμενάων,
1257 482 1307 531 590

194 577 199 600 '
240 580 297 647 καὶ
320 575 401 665 βοὸς
422 575 612 663 ὑλοφάγοιο
635 577 734 662 κρέας
757 573 854 660 μήπω
877 577 1063 661 τετοκυίης,

242 683 470 773 πρωτογόνων
493 680 522 749 τ’
548 684 690 769 ἐρίφων·
714 681 768 748 ἐπὶ
792 677 823 747 δ’
849 688 978 747 αλδοπα
1000 682 1139 766 πινέμεν
1164 675 1279 761 οἶνον,

243 795 281 861 έν
304 795 381 880 σκιῇ
405 788 582 876 ἑζόμενον,
605 788 833 874 κεκορημένον
856 778 938 874 ἦτορ
961 788 1105 872 έδωδῆς,

243 897 361 966 ἀντίον
380 895 521 983 ἀκραέος
544 893 703 982 Ζεφύρου
725 895 894 980 τρέψαντα
915 890 1109 980 πρόςωπον,

242 1003 369 1092 κρήνης
391 999 420 1070 τ’
446 1000 572 1070 ἀενάου
594 1001 650 1068 καλ
673 997 882 1087 ἀπορρύτου,
905 996 957 1086 ἥτ’
983 995 1167 1077 ἀθόλωτος.
1258 1015 1309 1064 595

243 1113 315 1199 τρὶς
336 1108 460 1188 ὕδατος
484 1110 657 1198 προχέειν,
680 1103 717 1175 τὸ
743 1104 781 1172 δδ
803 1107 961 1192 τέτρατον
985 1108 1077 1192 λέμεν
1101 1112 1209 1172 ολνου.

316 1375 349 1430 V.
369 1381 430 1431 599.
468 1366 748 1442 σβεννυμενάων]
771 1369 805 1423 In
827 1370 951 1439 antiquis
970 1370 1177 1439 exemplaribus
1196 1371 1310 1442 ζβεννν-

246 1443 360 1519 μενάον
375 1445 511 1514 scriptum
525 1459 585 1498 esee
598 1443 720 1496 testatur
732 1441 887 1497 Eueteth.
907 1441 945 1495 ed
958 1441 1039 1497 Hom.
1059 1459 1085 1510 p.
1105 1446 1167 1496 217.
1185 1457 1212 1510 p.
1234 1447 1309 1496 1260.

245 1527 270 1576 ⁸1.
309 1517 348 1574 Oi.
367 1517 495 1572 adnotet.
516 1514 552 1569 ed
571 1512 709 1568 Theodoe.
727 1529 755 1580 p.
774 1518 834 1566 225.

316 1588 350 1643 V.
370 1593 431 1642 594.
468 1580 629 1654 ἀκραέος]
654 1583 701 1637 Sic
723 1582 783 1638 Mt.
807 1582 863 1638 Vt.
888 1582 938 1650 ei,
962 1576 1100 1652 εόκραέος
1117 1582 1182 1636 Vet.
1201 1582 1266 1637 Vet
1286 1589 1311 1636 2.

244 1661 310 1726 Vr..
333 1659 369 1714 el.
388 1658 475 1713 Porro
494 1651 603 1726 ἀνέμου
623 1671 674 1724 pro
694 1651 826 1722 Ζεφόροο
845 1653 952 1707 hebent
973 1652 1037 1708 Per.
1056 1652 1089 1707 G.
1110 1684 1143 1694 -
1163 1647 1312 1722 πρόςωπον

246 1733 290 1787 est
307 1729 391 1786 lectio
410 1729 470 1783 Me.
496 1727 532 1782 el.
570 1725 644 1791 Quid
665 1725 731 1778 Vet.
749 1725 867 1790 hebeat,
890 1739 946 1778 non
968 1723 1219 1789 indicavitbenz.
1255 1723 1313 1780 Alii

244 1797 388 1873 πρόςωιια,
406 1801 439 1853 ut
456 1798 518 1853 Per.
538 1797 601 1851 Per.
620 1802 645 1850 3.
665 1796 730 1850 Vet.
748 1801 783 1862 9.,
802 1795 878 1864 quod
895 1810 950 1850 rec.
970 1795 1120 1852 editores.x

316 1873 350 1926 V.
371 1875 432 1926 595.
468 1862 594 1923 ἀεννάου
612 1866 675 1920 Me.
693 1865 756 1921 Per.
775 1872 800 1920 3.
820 1866 858 1921 el.

317 1943 352 1997 V.
372 1947 434 1996 596.
470 1938 543 2008 τρὶς
560 1931 698 2007 ὕδατος]
719 1936 765 1992 Sic
780 1937 859 2006 Gal..
878 1936 943 1990 Vet.
962 1943 987 1990 2.
1007 1937 1043 1992 el.
1064 1938 1092 1991 et
1110 1936 1217 1992 Boiss.
1245 1935 1313 1990 Vul-

245 2031 283 2084 go
301 2012 361 2081 τρὶς
379 2006 404 2066 δ’
424 2003 537 2072 όδατος.
574 2007 785 2063 Hermennus
798 2024 873 2076 vero,
893 2006 943 2076 qui
959 2008 1034 2061 hune
1051 2023 1163 2062 versum
1182 2024 1246 2063 eum
1265 2023 1314 2062 en·

245 2084 394 2140 tecedente
407 2080 632 2152 coniungendam
646 2095 707 2133 esse
719 2080 811 2147 putet,
830 2085 905 2147 τρεῖς
918 2071 1023 2140 ὕδατος
1036 2082 1093 2134 κτλ.
1122 2077 1178 2133 Sed
1193 2077 1314 2134 otiosum

245 2171 359 2225 prorsus
378 2153 453 2209 esset
469 2144 575 2213 ὕδατος
592 2151 657 2219 post
674 2146 787 2219 κρήνης.
808 2181 841 2190 -
861 2148 941 2219 ἱέμεν
959 2148 1021 2204 Per.

246 2385 402 2452 sthenes,
428 2381 600 2438 Nexicorum
635 2379 755 2450 scriptor
807 2375 947 2436 ἀδύνατοι
976 2378 1093 2448 τρέφειν
1116 2377 1182 2434 ελσλ·
1208 2375 1314 2448 τὸγὰρ

247 2455 379 2527 (Hygin.
405 2455 518 2510 Astron.
546 2453 578 2521 Ι,
608 2455 671 2522 17),
697 2453 754 2505 tre·
807 2446 880 2520 γάλα
916 2447 1126 2518 ἀποσβέννυται
1163 2445 1221 2505 ἀπό
1259 2451 1315 2505 τῶν

246 2526 327 2596 didit,
346 2527 427 2581 Nexo
445 2525 475 2580 in
494 2523 636 2579 Etruriam
653 2538 754 2592 propa·
808 2517 923 2578 ὑδάτων
959 2521 1009 2590 τῆς
1045 2517 1230 2590 σκληρότητος
1266 2521 1314 2575 καλ

283 2599 345 2652 tum
364 2613 425 2652 esse
443 2595 547 2652 Recchi
565 2595 673 2650 cultum
691 2609 754 2662 pro·
808 2588 987 2662 ἀτεραμνίης.
1028 2591 1180 2648 Galenus
1204 2592 1315 2662 saepius

267 2667 342 2723 abile
360 2669 412 2723 est.
809 2659 881 2733 γάλα
892 2662 1000 2788 σβέσαι.
1018 2663 1176 2733 Aeschyl.
1185 2664 1238 2734 Ag.
1250 2669 1314 2720 958:

283 2738 317 2794 V.
334 2744 394 2793 590.
420 2732 508 2807 μάζά
527 2732 551 2790 τ’
570 2730 754 2805 ἀμολγαίη]
809 2733 886 2790 ἔστιν
923 2731 1040 2802 άλασσα,
1058 2736 1100 2797 τίς
1115 2733 1148 2789 δέ
1165 2753 1212 2789 νιν
1230 2754 1316 2789 κατα-

247 2809 299 2865 Est
321 2808 403 2878 penis
425 2807 498 2861 bene
516 2810 626 2873 οοολοε,
649 2805 679 2860 in
698 2821 753 2874 quo
808 2805 914 2875 σβέσεις

247 2873 496 3006 ἀδόόάτῗλοδᾶᾝλέ
514 2877 753 3017 δοᾳὸἀάἀάοωάἀιθ
807 2877 877 3002 atii
897 2875 1254 3018 rplealpssplep.adfld{fiv2ssps
1273 2876 1315 3002 Vi)

247 3021 392 3078 Cramer.
415 3019 519 3074 Anecd.
543 3018 595 3076 Ox.
618 3020 640 3075 Ι.
658 3036 685 3088 p.
705 3023 753 3073 82:
807 3019 916 3073 dentur.
1074 3033 1076 3040 ¹

247 3091 297 3146 καλ
320 3085 449 3152 Ἡσίοδος
476 3091 569 3159 μᾶζαν
595 3085 754 3160 ἀμολγαλην
842 3088 876 3144 V.
896 3095 957 3144 595.
1002 3089 1135 3144 laudetur
1167 3105 1186 3143 e
1216 3088 1316 3143 Plut.

247 3155 456 3287 νοέειν
481 3156 613 3300 ἀπὸ
639 3165 753 3300 αα·
808 3155 1316 3300 secessisse·

251 3297 756 3372 cts'vpc&incepsvsmiv‚Ksttlescc-
804 3301 985 3372 petitionem,
1004 3319 1076 3371 quae
1089 3301 1164 3357 inest
1181 3301 1212 3356 in
1230 3301 1316 3357 versi·

249 3393 296 3435 τος
320 3371 353 3428 δὲ
378 3369 430 3427 τὸν
454 3369 548 3441 τυρόν.
590 3372 700 3428 Procl.
727 3374 757 3428 et
810 3374 863 3428 bus
881 3379 934 3430 589
953 3376 982 3428 et
1001 3379 1060 3428 591.
1080 3378 1146 3441 599,
1170 3389 1204 3428 eo
1227 3388 1316 3428 remo·

249 3445 356 3514 Etym.
375 3444 411 3499 M.
426 3443 551 3499 Buttm.
570 3443 659 3499 Lorii,
674 3444 708 3498 II.
727 3462 756 3513 p.
809 3443 869 3499 veri
879 3459 962 3514 posse
970 3444 1104 3512 putabet,
1118 3443 1142 3498 ei
1156 3442 1253 3499 eiectis
1267 3460 1316 3498 vo-

250 3521 294 3572 45.
330 3515 482 3570 Praeterea
504 3513 601 3585 scripsi
624 3515 699 3585 μᾶζα
722 3530 757 3569 ex
811 3516 889 3571 cibus
904 3510 951 3569 ἐπὶ
965 3509 990 3569 δ’
1006 3516 1119 3570 αλδοπα
1132 3545 1166 3555 -
1182 3510 1317 3584 ἑζόμενον

249 3586 349 3657 regule
385 3587 648 3656 grammaticorum,
686 3601 756 3654 quos
811 3585 980 3642 scriberetur
1002 3583 1183 3668 κεκορημένῳ
1207 3589 1237 3640 et
1255 3583 1315 3653 τρέ-

196 3721 200 3730 ·
250 3657 365 3712 laudavi
389 3657 510 3727 Allgem.
538 3657 628 3712 Lchre
651 3676 677 3712 v.
703 3658 756 3711 Ac·
810 3669 905 3724 μάντι.
943 3657 1027 3712 Illum
1041 3673 1124 3724 emm,
1139 3655 1184 3712 cui
1197 3657 1318 3745 πετραίη

213 3740 216 3745 ’
251 3730 316 3782 cent
341 3746 369 3798 p.
399 3733 459 3784 145.
499 3728 625 3784 Accedet
651 3728 757 3783 Herc·
812 3723 876 3796 σκιή
900 3743 956 3782 non
973 3727 1136 3797 placuisset,
1160 3731 1225 3782 ente
1244 3723 1315 3782 αλλὰ

250 3798 338 3854 dien.
362 3798 427 3867 τερλ
450 3794 589 3868 ὠχρόνων
614 3815 658 3869 ep.
678 3797 758 3853 Cre·
811 3793 868 3854 τότ’
888 3800 932 3866 εἴη
951 3798 1103 3868 scripsisse.

249 3885 327 3923 mer.
350 3869 454 3927 Anecd.
473 3869 559 3926 Oxon.
577 3870 624 3924 ΠΙ.
643 3889 671 3942 p.
691 3875 757 3925 288:
847 3869 880 3924 V.
909 3874 969 3925 596.
1014 3869 1086 3935 τρὶς
1112 3861 1254 3940 ὕδατος]
1282 3869 1316 3924 V.

250 3940 324 4010 μάζα
349 3935 476 3994 ἐκτεῑνον
499 3935 531 3995 τό
559 3936 614 4008 πρδ
638 3940 689 3995 τοῦ
715 3942 757 3994 δι·
810 3939 899 3996 Plur.
919 3939 1014 4010 Symp,
1033 3941 1082 4009 111,
1101 3947 1126 3996 9.
1163 3941 1228 3996 Non
1247 3957 1317 4010 opus

249 4009 321 4064 πλοῦ
341 4017 370 4063 ᾱ.
400 4009 440 4067 Of.
459 4011 571 4066 Lente.
586 4011 620 4066 ΙΙ.
635 4030 662 4082 p.
679 4018 712 4066 11
727 4012 757 4064 et
811 4013 866 4078 est,
889 4012 922 4065 ut
943 4011 990 4066 bic
1012 4028 1107 4066 versus
1131 4011 1318 4082 coniungetur

249 4079 402 4136 Lobeck.
425 4081 517 4138 Perel.
541 4083 575 4136 Π,
594 4100 621 4152 p.
641 4088 702 4138 495.
722 4111 755 4122 -
811 4097 875 4136 cum
888 4082 1133 4138 antecedentibus:
1152 4099 1219 4137 nem
1235 4100 1317 4152 regu·

250 4149 527 4223 σβεννυμενάων]
542 4169 615 4223 quae
628 4171 685 4209 non
698 4153 757 4208 iem
810 4152 866 4208 lem
878 4153 1019 4222 quendem
1031 4152 1204 4223 peculiarem
1217 4153 1317 4209 isson-

248 4223 388 4278 lectentes
417 4225 490 4278 sunt.
531 4224 693 4294 Hippocr.
721 4225 756 4278 de
809 4223 895 4293 tinet,
918 4224 1020 4280 debere
1038 4224 1203 4294 quirinum
1222 4224 1318 4280 bibere

250 4310 306 4350 eer.
334 4295 364 4348 et
391 4311 436 4364 eq.
463 4312 491 4363 p.
517 4300 563 4350 18:
591 4291 627 4350 τὰ
654 4296 757 4350 παιδία
810 4295 881 4350 velit
898 4312 984 4350 unam
1007 4295 1066 4351 vini
1082 4298 1193 4365 partem
1211 4297 1315 4366 tempe
