2938 4892
240 286 304 352 248
691 287 862 340 ΗΣΙΟΔΟΤ

242 441 443 530 φεύγουσιν·
466 441 522 508 καὶ
544 444 649 508 πᾶσιν
672 441 723 508 ἐνὶ
747 439 848 529 φρεόὶ
870 444 972 509 τοῦτο
996 442 1156 528 μέμηλεν,

243 554 280 616 οἳ
299 550 403 616 σκέπα
425 544 604 633 μαιόμενοι
625 543 789 625 πυκινοὺς
810 549 1012 632 κευθμῶνας
1035 551 1165 633 ἔχουσι,

242 655 299 722 καὶ
322 651 438 740 γλάφυ
459 656 615 740 πετρῆεν·
637 652 712 721 τότε
736 651 780 740 δὴ
802 655 937 740 τρίποδι
959 656 1070 745 βροτῷ
1094 651 1179 737 ἶσοι,

243 844 386 915 litavere,
415 845 549 914 Crates,
573 847 624 903 Br.
651 843 852 918 painedovsee.
901 845 935 900 V.
959 846 1067 904 Procl.
1091 850 1122 903 et
1143 847 1253 918 Etym.
1276 850 1314 903 M.

243 937 271 990 p·
291 924 356 1044 wid,
368 924 428 1042 όό2.
465 987 540 1042 Male
552 988 603 1042 Br.
622 985 654 1042 οἷ
668 987 760 1042 σκέπα
778 984 930 1058 μαιόμενοι
949 1017 983 1028 -
998 986 1089 1043 itaer.
1117 989 1315 1046 Hermanno

242 1075 310 1116 vero
330 1056 361 1113 οἷ
374 1058 393 1112 i.
413 1075 436 1115 e.
457 1053 547 1113 ἐκεῖσε
568 1058 732 1114 sufficiebat.
1109 1057 1115 1068 ’

314 1129 348 1184 V.
364 1136 425 1184 333.
457 1129 680 1185 Hermannus:
699 1129 743 1184 rol
757 1126 789 1184 et
809 1131 921 1196 τρίποδι
936 1129 1032 1199 βροτοὶ
1046 1126 1109 1197 ἴσοι,
1129 1132 1205 1200 qnod
1221 1147 1311 1201 recep.

202 1245 215 1262 ,
245 1201 392 1257 Schoem.
411 1199 458 1256 el
494 1199 550 1254 Sed
569 1200 604 1258 of.
623 1217 696 1269 quae
714 1199 825 1255 monuit
841 1199 957 1254 Lehrs
976 1200 1060 1256 Wiss.
1079 1201 1153 1256 Mon.
1173 1203 1193 1258 l.
1208 1203 1227 1258 l.

244 1377 360 1432 Procli
374 1377 514 1432 scholion:
533 1372 703 1447 μυλιόωντες
717 1373 749 1430 δὲ
802 1375 870 1430 κιᾶν
892 1394 919 1430 v.
938 1378 1033 1431 Aret.
1052 1396 1078 1433 v.
1098 1385 1150 1434 293
1170 1382 1200 1435 et
1219 1381 1311 1438 Schol.

244 1446 462 1519 διεστραμμένοι
477 1447 527 1501 καὶ
546 1446 750 1534 ονρκαμφθέν-
803 1446 946 1500 Nicand.
966 1447 1048 1502 Tber.
1068 1454 1129 1506 382.

244 1538 290 1582 ree
304 1515 360 1575 ὑπὸ
380 1518 431 1573 τοῦ
448 1513 562 1587 κρόους,
580 1537 598 1586 η
617 1518 653 1573 τὰ
671 1521 750 1588 χείλη
839 1517 872 1572 V.
899 1523 959 1572 532.
1007 1517 1055 1590 οἳ]
1092 1518 1134 1576 De
1160 1523 1223 1577 toto
1250 1523 1313 1579 1000

243 1591 391 1652 κινοῦντες
412 1584 470 1644 ὑπὸ
493 1589 543 1656 τῆς
564 1585 748 1659 ψυχρότητος,
803 1587 959 1658 disputavit
982 1589 1160 1660 Bragman.
1190 1593 1226 1648 de
1248 1613 1309 1664 pro·

243 1657 357 1732 Κρότης
376 1659 408 1714 δὲ
434 1655 541 1728 γράφει
559 1656 749 1729 μαλκιόιον·
803 1659 927 1713 blemate
945 1661 999 1714 etc.
1018 1679 1045 1729 p.
1065 1666 1113 1731 18,
1136 1663 1185 1731 qni
1205 1663 1236 1717 οἷ
1250 1666 1312 1735 plu·

243 1751 306 1794 τις.
341 1730 383 1786 (tf.
401 1731 508 1800 Etym.
527 1731 565 1784 M.
582 1747 611 1800 p.
630 1736 691 1798 594,
705 1736 749 1798 96,
803 1729 856 1783 reli
869 1729 1042 1799 pronominis
1058 1732 1312 1802 ngnifieatione=

243 1802 294 1857 ubi
307 1805 434 1857 nostum
447 1801 574 1855 scholion
582 1802 750 1870 exscriptum
805 1800 873 1854 sibi
885 1803 1093 1868 quaerentes
1106 1806 1272 1861 vertendum
1284 1813 1314 1861 et

244 1875 295 1929 est
337 1873 378 1926 De
402 1889 432 1926 re
453 1870 517 1940 ipsa
542 1888 568 1926 v.
591 1872 750 1941 Lennep.:
804 1872 870 1939 post
878 1869 1001 1941 μέμηλεν
1011 1873 1145 1928 maiorem
1156 1877 1310 1933 distinctio·

244 1943 419 2013 „Equidem
447 1941 516 2010 quin
538 1944 641 2011 μοίιῖιν
664 1943 751 1998 etiam
804 1958 871 1995 nem
894 1942 1083 1997 adhibendam
1106 1962 1167 2000 esse
1190 1947 1307 2004 monuit.

244 2013 403 2082 significare
416 2012 752 2082 possitmanclucarenon
805 2012 981 2068 Hermann.
998 2029 1046 2082 op.
1071 2015 1117 2069 Vl.
1169 2059 1175 2072 .
1199 2024 1252 2073 240
1284 2017 1315 2074 οἱ

244 2083 401 2139 intercedo:
447 2083 635 2138 frustraneum
671 2083 752 2138 illam
806 2081 897 2138 σκέπα
919 2078 1071 2153 μαιόμενοι
1089 2111 1124 2132 =
1148 2035 1254 2159 dusios,
1276 2082 1310 2145 οὗ

245 2172 358 2225 operam
372 2153 459 2223 (quod
471 2154 601 2208 voluerat
614 2153 751 2222 Goettl)
805 2154 981 2223 κευθμῶνας
991 2154 1087 2223 ἔχουσι
1101 2174 1162 2213 esse
1179 2176 1310 2231 exposue-

244 2226 330 2282 verbo
357 2223 476 2279 indicari
505 2241 586 2294 nego.
632 2224 752 2280 Videtur
805 2226 858 2278 rat
891 2224 1016 2294 Utraque
1033 2229 1129 2282 autem
1146 2229 1311 2301 interpreta—

245 2296 316 2350 mibi
334 2312 445 2366 qnoque
466 2295 608 2366 designari
624 2296 752 2351 maxilla·
806 2294 891 2351 tionis
913 2295 961 2350 via
982 2312 1035 2351 nec
1053 2298 1173 2368 simplex
1195 2319 1248 2358 nec
1266 2320 1311 2358 ne·

245 2385 307 2422 rum
321 2369 423 2436 motus,
442 2384 612 2436 quamquam
625 2367 752 2423 diversus
806 2366 928 2421 cessaria
936 2366 1048 2421 videtur
1058 2385 1126 2424 esse.
1137 2401 1171 2411 —
1182 2371 1312 2428 Ceterum

245 2439 282 2493 ab
301 2455 343 2508 eo,
362 2438 411 2508 qui
428 2437 533 2508 frigore
547 2440 577 2492 in
591 2438 752 2494 hominibus
807 2436 842 2490 de
866 2433 960 2506 γλάφυ
984 2440 1013 2492 et
1035 2440 1107 2509 νίφα
1136 2445 1173 2511 (v.
1198 2447 1263 2512 335)
1286 2463 1310 2500 v.

245 2510 391 2565 excitatur.
416 2507 531 2564 Scilicet
540 2508 659 2564 indicari
672 2511 752 2579 puto,
805 2506 944 2564 Atreus.
967 2508 1034 2564 dial.
1053 2511 1131 2566 Aeol.
1150 2532 1178 2582 p.
1199 2521 1259 2570 108.
1278 2547 1311 2556 -

245 2581 321 2649 quod
334 2581 364 2636 in
374 2579 497 2635 efferatis
510 2579 607 2648 aliqua
620 2580 656 2634 de
668 2596 753 2635 cansa
805 2580 877 2647 νίφα
892 2581 922 2632 et
933 2574 1104 2649 ἀλευόμενοι
1121 2587 1195 2653 νίφα
1209 2582 1312 2655 λευκήν

244 2650 413 2706 animalibus
436 2667 521 2720 saepe
548 2653 696 2706 observare
718 2651 752 2705 li·
807 2648 879 2704 citat
892 2648 1054 2706 Ohoerob.
1069 2654 1146 2722 apud
1158 2656 1248 2710 Bekis.
1268 2675 1312 2714 an.

245 2723 320 2791 caat,
353 2725 385 2777 ut
416 2720 538 2776 maxillis
565 2720 649 2776 motis
676 2721 753 2776 haud
806 2738 834 2790 p.
854 2726 932 2775 1229.
969 2721 1002 2778 V.
1021 2722 1208 2782 Herodian.
1227 2727 1261 2782 Π.
1285 2747 1311 2798 p.

245 2792 305 2848 sine
320 2792 438 2848 stridore
456 2791 612 2846 frendeant.
644 2791 753 2847 Memor
807 2797 867 2846 664.
900 2791 1006 2861 Etym.
1018 2792 1056 2846 Μ.
1071 2813 1098 2862 p.
1110 2802 1170 2866 606,
1180 2803 1223 2853 20.
1253 2799 1313 2852 Di·

245 2863 328 2918 huius
346 2862 388 2918 rei
405 2861 461 2916 fuit
477 2861 508 2915 in
526 2861 589 2932 apri
606 2861 754 2932 calydonii
806 2878 939 2932 gamma
956 2881 984 2932 p.
1003 2870 1037 2919 68
1051 2882 1109 2934 seq.

245 2933 431 3003 descriptione
459 2931 555 2989 Ovid.
583 2934 649 2988 Met
678 2934 752 3002 VIII,
842 2932 876 2988 V.
904 2938 965 2988 533.
1014 2937 1154 3004 τρίποδι
1187 2941 1312 3012 βροτῷ]

246 3008 307 3068 287.
335 3010 397 3058 370.
440 3003 523 3058 Bovis
551 3021 566 3058 e
593 3004 671 3059 rabie
697 3007 753 3059 tre-
806 3003 963 3058 Vossius:
991 3005 1113 3060 Gleich
1132 3009 1208 3064 sind
1227 3013 1314 3066 anob

245 3092 352 3130 morem
378 3075 591 3142 frendoremque
616 3078 755 3130 memorat
807 3073 862 3128 die
893 3075 1077 3131 Mensohen
1111 3077 1184 3133 dem
1216 3081 1312 3137 Drei-

246 3145 412 3215 Vegetins
435 3147 495 3201 Art.
519 3144 613 3200 Veter.
637 3147 690 3214 III,
709 3153 752 3200 31.
807 3145 985 3214 fusa-dem
1005 3147 1079 3201 sich
1097 3149 1157 3204 der
1173 3151 1313 3207 Riicken

246 3215 388 3281 Quasdam
416 3218 512 3270 autem
542 3217 617 3272 feras
648 3217 753 3288 frigore
806 3215 936 3285 verbog
949 3217 1089 3271 unddas
1104 3220 1223 3291 Haupt
1240 3241 1313 3277 anm

245 3285 660 3343 saedusefferaricertnmest.
680 3288 753 3342 Tum
806 3286 920 3341 Boden
945 3287 1189 3348 herabschaut
1230 3295 1316 3364 Legit

246 3359 342 3413 autem
360 3373 457 3412 omnes
479 3356 657 3427 ingruentem
674 3357 705 3412 in
723 3376 753 3414 se
805 3356 894 3427 igitur
920 3360 1019 3430 βροτοί
1042 3377 1106 3414 cum
1133 3362 1164 3416 L.
1193 3364 1314 3419 Wach·

245 3427 484 3485 vehementiorem
496 3428 604 3497 imbris,
620 3429 693 3484 nivis
707 3430 753 3484 vel
806 3429 878 3483 lero
911 3425 985 3497 (τότε
1017 3427 1049 3484 a
1077 3432 1188 3498 τρίποδι
1218 3437 1315 3505 βροτοὶ

244 3499 389 3572 grandinis
412 3499 579 3568 procellam,
603 3499 753 3568 impatien-
807 3497 873 3569 ἶσοι)
907 3502 937 3554 et
963 3500 1141 3571 Passovio,
1173 3506 1250 3573 quod
1278 3524 1314 3562 ne

244 3573 302 3626 tius
328 3571 435 3639 ferunt,
458 3569 542 3640 idque
567 3571 637 3626 adeo
660 3572 753 3626 decla·
806 3587 879 3624 unus
902 3571 1017 3639 quidem
1039 3573 1167 3628 codicum
1187 3579 1314 3646 praebet.

245 3645 310 3698 rant
334 3641 420 3698 rostri
447 3647 539 3707 motu,
567 3641 642 3696 cirea
668 3658 753 3710 quam
808 3641 863 3696 Sed
891 3643 1027 3710 φοιτῶσιν
1059 3661 1122 3697 cum
1148 3663 1206 3701 non
1231 3647 1314 3704 facile

245 3713 403 3769 molliorem
417 3729 451 3768 ac
470 3711 615 3766 nudiorem
629 3713 753 3782 corporis
808 3711 891 3766 aliter
912 3714 1002 3781 possit
1022 3713 1152 3786 intellegi
1174 3735 1260 3786 quam
1279 3721 1314 3775 de

265 3787 368 3852 artem,
389 3782 494 3838 crebris
511 3799 530 3837 a
547 3783 672 3853 procella
688 3783 754 3839 icti-
807 3783 1016 3854 hominibus,
1039 3802 1075 3840 ne
1102 3802 1171 3855 opus
1199 3790 1314 3858 quidem

244 3803 298 3910 tus
317 3853 509 3922 verberatam,
531 3853 653 3909 maxime
676 3854 753 3910 dolo·
808 3856 850 3908 ost
872 3855 926 3909 hac
949 3856 1151 3912 emendatione.
1191 3862 1315 3930 Τρίτους

246 3943 306 3980 rem
320 3924 455 3993 sentiunt,
473 3925 547 3979 unde
561 3925 648 3980 etiam
663 3924 753 3980 incur-
807 3923 907 3997 βροτός
919 3943 987 3994 prae
997 3927 1096 3982 ceteris
1105 3930 1219 3998 populis
1229 3931 1314 3987 Grae·

245 3999 345 4052 santes
358 4012 388 4050 se
402 3997 489 4067 caput
504 3996 657 4051 demittunt
671 3997 754 4062 (inira
807 3997 847 4051 cis
883 3997 1010 4065 Boeotis,
1046 3999 1147 4067 quibus
1180 4001 1313 4074 Sphingis

246 4086 273 4123 v.
293 4073 344 4122 333
363 4069 439 4136 seq.).
474 4067 629 4122 Observavi
644 4066 705 4139 ipse
723 4068 754 4123 id
807 4067 939 4137 aenigma
951 4070 981 4124 in
995 4069 1088 4125 animo
1107 4072 1251 4142 haerebat,
1270 4076 1314 4129 est

246 4154 445 4207 nonnunquam
469 4138 499 4192 in
523 4155 604 4208 cane,
632 4154 753 4207 quocum
808 4156 900 4206 senex,
920 4141 969 4209 qui
986 4141 1087 4196 baculo
1104 4144 1241 4212 tanquam
1258 4147 1314 4199 ter·

246 4209 382 4278 venabar,
409 4209 462 4265 tali
486 4209 560 4264 forte
584 4212 753 4280 tempestate
806 4211 848 4266 tio
862 4211 951 4266 utitur
964 4213 1044 4280 pede.
1070 4214 1176 4270 Eadem
1190 4216 1314 4286 imagine

246 4279 423 4351 ingruente.“
466 4279 595 4335 Ceterum
624 4282 659 4336 de
686 4288 753 4352 μοί·
806 4282 997 4352 Aeschylus
1015 4287 1313 4356 ususestAgam.79:
