2892 4902
199 317 314 362 XXVIII

290 463 404 532 Quodsi
429 462 549 523 nomine
572 463 697 523 Hesiodi
724 467 840 523 certum
868 465 1016 540 quoddam
1042 466 1142 541 poesis
1174 483 1272 540 genus

200 552 327 611 indicari
355 552 529 626 statuimus,
556 571 616 612 non
642 571 735 610 unum
762 553 855 613 fuisse
883 552 1062 629 Hesiodum,
1091 553 1144 614 sed
1167 554 1270 629 plures

200 660 255 717 per
274 659 306 700 se
328 641 536 717 intellegetur,
559 641 809 718 perspicuumque
828 642 898 715 erit,
920 643 973 719 qui
994 643 1099 702 fabula
1121 643 1175 702 illa
1197 641 1270 703 oriri

201 730 347 806 potuerit,
375 747 451 805 quae
476 727 616 789 Chalcide
644 731 676 788 in
699 729 961 806 Amphidamantis
985 731 1133 808 exsequiis
1157 732 1272 790 factum

201 821 353 878 certamen
385 817 510 878 Hesiodi
542 837 610 878 eum
636 819 768 880 Homero
800 819 947 896 fingebat:
979 839 1040 880 non
1071 819 1159 880 facile
1192 818 1272 878 enim

201 907 362 980 erraveris,
387 906 474 966 siah
497 906 628 968 Hesiodo
659 908 809 984 quoddam
832 911 863 968 et
885 909 1017 968 Homero
1040 909 1140 984 aliquo
1165 899 1272 986 (etiam

201 995 328 1056 Homeri
348 1014 458 1055 nomen
481 999 598 1055 eertum
620 1015 716 1072 genus
739 997 837 1073 poesis
862 997 1025 1074 significat,
1049 1017 1077 1058 v.
1097 996 1272 1056 Weleker.

202 1082 285 1161 Cycl.
300 1104 344 1161 ep.
358 1105 387 1162 p.
405 1077 482 1164 122)
496 1104 550 1144 seu
574 1103 591 1143 a
609 1085 707 1161 poetis
720 1086 888 1146 Hesiodeae
907 1089 939 1145 et
952 1086 1128 1146 Homericae
1152 1085 1272 1146 scholae

200 1173 375 1233 institutum
399 1191 464 1233 esse
487 1173 544 1232 hoc
562 1177 714 1233 certamen
734 1174 887 1234 statueris.
921 1172 1033 1244 Quodsi
1051 1173 1084 1232 in
1102 1172 1272 1233 Certamine

201 1261 326 1322 Homeri
358 1264 389 1322 et
420 1261 544 1321 Hesiodi
575 1282 604 1338 p.
633 1264 711 1337 366,
745 1265 786 1321 14
820 1255 1022 1342 (Westerm.
1059 1263 1081 1321 l.
1108 1263 1128 1324 l.
1155 1283 1184 1338 p.
1213 1251 1272 1341 41)

201 1351 331 1411 Panides
349 1350 480 1410 Hesiodo
503 1351 691 1410 adiudioasee
709 1351 866 1410 victoriam
888 1352 997 1425 fertur,
1020 1351 1124 1427 poesin
1147 1351 1272 1410 didacti-

202 1459 267 1499 cam
287 1439 427 1499 Chalcide
444 1440 541 1516 magis
565 1441 702 1500 floruisse
721 1440 878 1516 magisque
895 1440 989 1499 fuisse
1008 1443 1162 1516 acceptam
1180 1459 1272 1516 quam

202 1528 391 1589 Homericam
413 1528 483 1588 inde
506 1528 657 1588 discimus.
704 1527 849 1599 Quocirca
871 1529 951 1605 apud
974 1529 1064 1603 allos,
1088 1529 1141 1605 qui
1163 1528 1272 1588 Home·

201 1617 294 1676 ricem
325 1617 537 1694 praeferebant
565 1618 683 1693 poesin,
715 1618 747 1676 in
778 1618 1039 1693 reprehensionem
1072 1617 1116 1676 ita
1145 1617 1274 1678 incurrit

201 1707 343 1783 Panides,
371 1710 406 1765 ut
428 1704 581 1766 Πανείδου
604 1708 711 1784 ψῆφος
734 1706 771 1765 de
793 1707 844 1780 iis,
871 1707 923 1782 qui
944 1706 1094 1766 inerudite
1117 1709 1149 1764 61
1171 1707 1271 1766 minus

203 1795 354 1871 sapienter
375 1795 571 1865 iudicassent,
600 1795 699 1854 abiret
725 1795 757 1853 in
779 1795 968 1871 proverbium
994 1788 1036 1876 (v.
1059 1795 1195 1854 Paroem.
1219 1793 1272 1856 Gr.

201 1883 241 1942 11.
256 1903 285 1959 p.
301 1876 387 1963 606).
419 1882 504 1941 111166
523 1886 625 1941 autem
640 1881 820 1942 Certaminis
840 1886 992 1944 auctorem
1011 1902 1077 1943 asse
1096 1883 1280 1961 herchem·
1352 1907 1356 1919 ¹

202 1972 366 2048 quendam,
389 1988 449 2030 non
472 1971 629 2047 antiquum
647 1970 846 2048 Pyrrhaeum,
870 1972 923 2032 sed
945 1973 1041 2032 multo
1065 1972 1272 2045 recentiorem,

202 2079 238 2120 ex
262 2062 404 2136 sequente
427 2059 584 2119 Plutarchi
605 2061 669 2120 1666
693 2061 827 2138 colligas.
868 2056 916 2120 Sic
940 2061 1019 2120 enim
1043 2059 1165 2121 0611111.
1189 2060 1270 2136 Sept.

203 2149 335 2226 Sapient.
365 2150 420 2208 10:
453 2139 602 2227 ἀκούομεν
629 2143 685 2230 γάρ
713 2143 757 2210 ότι
783 2147 835 2210 καὶ.
860 2143 934 2228 πρὸς
961 2143 1013 2222 τάς
1031 2142 1272 2227 Ἀμφιδάμαντος

201 2231 298 2316 ταφάς
330 2235 360 2310 ἐς
388 2236 523 2296 Χαλκίδα
553 2239 612 2298 τῶν
643 2233 704 2299 τότε
734 2240 838 2316 σοφῶν
869 2238 901 2299 οἱ
930 2231 1122 2316 δοκιμώτατοι
1153 2233 1272 2314 ποιηταὶ

203 2329 365 2406 συνῆλθον.
402 2314 457 2406 (ήν
484 2319 560 2388 δὲ’ἶν
585 2319 771 2405 Ἀμφιδάμας
807 2320 884 2405 ἀνὴρ
912 2320 1069 2405 πολεμικὸς
1095 2323 1145 2386 καὶ
1177 2318 1271 2386 πολλὰ

202 2410 357 2497 πράγματα
375 2409 535 2495 παρασχών
553 2409 746 2496 Ἐρετριεῦσιν
770 2414 802 2477 ἓν
824 2420 885 2489 ταῖς
908 2413 973 2495 περὶ
987 2409 1147 2494 Ληλάντου
1166 2409 1273 2494 μάχαις

203 2497 327 2586 ἔπεσεν.)
360 2502 422 2564 ἐπεὶ
446 2501 477 2564 δὲ
496 2498 530 2565 τά
548 2503 807 2585 παρεσκευασμένα
824 2510 885 2578 τοῖς
903 2510 1039 2583 ποιηταῖς
1062 2502 1118 2582 ἐπη
1142 2497 1272 2583 χαλεπήν

202 2593 252 2654 καὶ
280 2589 425 2666 δάςκολον
452 2591 544 2655 ἐποίει
570 2589 625 2673 τήν
654 2596 750 2672 κρίσιν
778 2587 827 2654 διά
854 2588 886 2654 τὸ
914 2589 1077 2671 ἐφάμιλλον
1104 2587 1125 2668 ή
1147 2614 1176 2651 τε
1200 2585 1273 2662 δόξα

203 2686 262 2744 τῶν
284 2678 469 2764 άχωνιστῶν,
492 2676 622 2763 Ὁμήρου
648 2681 698 2743 καὶ
721 2677 880 2758 Ἡσιόδου,
909 2675 1022 2757 πολλήν
1049 2673 1179 2753 άπορίαν
1202 2672 1272 2754 μετὰ

204 2771 308 2845 αἰδοῦς
335 2776 396 2842 τοῖς
417 2771 553 2851 κρίνουσι
579 2776 728 2851 παρεῖχεν,
757 2764 916 2849 ἐτράποντο
944 2762 1018 2844 πρὸς
1041 2759 1177 2835 τοιαύτας
1200 2761 1272 2841 ἐρω-

203 2855 300 2940 τήσεις
321 2857 372 2918 καὶ
394 2855 566 2939 προῦβαλον
589 2857 656 2939 μέν,
681 2855 722 2932 ὥς
746 2875 821 2937 φησι
843 2853 974 2933 Λέσχης·

270 2943 385 3010 Μοῦσά
407 2971 457 3026 μοι
480 2943 578 3009 ἐννεπ’
604 2946 716 3024 ἐκεῖνα,
739 2941 774 3006 τά
799 2938 863 3023 μήτ’
890 2940 1025 3023 ἐγένοντο
1048 2934 1196 3019 πάροιθεν

271 3029 337 3117 μήτ’
362 3035 439 3097 ἐσται
463 3029 649 3115 μετόπισθεν.

204 3120 378 3203 ἀπεκρίνατο
403 3122 436 3185 δὲ
453 3119 596 3198 Ἡσίοδος
618 3122 650 3184 ἐκ
672 3125 724 3183 τοῦ
747 3113 977 3198 παρατυχόντος·

271 3209 333 3275 ἄλλ’
359 3209 430 3275 όταν
448 3207 525 3292 άμφὶ
547 3206 621 3286 Διὸς
643 3203 745 3316 τόμβφ
768 3203 973 3287 καναχήποδες
995 3205 1080 3268 ἵπποι

207 3327 210 3333 ·
270 3298 385 3382 άρματα
407 3302 609 3381 συντρίψωσιν
632 3299 814 3380 ἐπαγομενοι
836 3294 910 3376 περὶ“
923 3297 1017 3375 νίκης.

293 3393 362 3452 Nisi
384 3393 485 3468 potius
509 3410 575 3450 eum
598 3390 770 3448 Hermanno
792 3387 932 3465 facimus,
955 3387 1006 3463 qui
1025 3406 1071 3462 op.
1090 3385 1269 3461 1116145

203 3484 309 3556 verba,
332 3501 409 3558 quae
432 3479 638 3556 allegavimus,
662 3478 704 3538 sic
727 3477 911 3537 emendanda
934 3475 1087 3536 censebat:
1111 3468 1271 3552 ἐτράποντο

204 3564 279 3650 πρὸς
305 3563 441 3641 τοιαάτας
468 3561 621 3647 ἐρωτήσεις
647 3563 697 3626 καλ
724 3562 826 3645 λέσχας
853 3558 896 3646 (1.
924 3564 1054 3625 Glinton.
1081 3563 1165 3623 Faet.
1191 3562 1272 3622 Hell.

204 3660 228 3721 I.
251 3680 279 3736 p.
304 3651 383 3739 361)
412 3658 475 3717 6116
503 3649 654 3735 ἐρωτήσεις
681 3649 869 3734 αὐτοσχεδίας
895 3651 946 3714 καὶ
972 3647 1140 3732 προῦβαλεν
1170 3643 1186 3713 δ
1210 3647 1272 3730 με’ν,

205 3743 246 3821 ὥς
269 3764 357 3826 φασι,
380 3746 522 3812 laudatus
545 3745 800 3804 Marekscheffelio
823 3765 851 3820 p.
876 3735 971 3824 38¹⁶).

203 3952 430 4052 Dichterudbte,
458 3950 525 4005 oder
552 3950 605 4005 den
636 3949 790 4006 Charalrter
815 3948 906 4005 seiner
930 3945 1028 4002 Poesie
1054 3945 1134 4000 darin
1161 3963 1196 4000 nu
1221 3943 1272 3998 fin·
1315 3936 1317 3940 ’

204 4025 434 4165 ᾶΘῙ1183111616
452 4093 528 4149 viam
546 4093 686 4164 ingressus
710 4094 754 4148 661
771 4091 822 4146 Th.
842 4089 961 4160 Bergk.
981 4087 1062 4144 Anal.
1082 4087 1162 4143 Alex.
1181 4105 1207 4157 p.
1228 4091 1271 4154 11,

204 4167 254 4236 661
271 4166 376 4236 scripto
394 4164 443 4220 καλ
460 4159 632 4236 προῦβαλον,
651 4159 665 4219 ὁ
686 4161 738 4235 μὲν
756 4162 842 4219 verba
860 4155 898 4222 ὥς
917 4177 987 4229 φησι
1006 4157 1115 4228 Λέσχης
1132 4157 1269 4239 16666116-

203 4239 243 4293 ria
260 4237 383 4293 auctoris
407 4238 515 4292 calamo
538 4237 636 4291 addita
653 4237 781 4305 putabat.
819 4231 916 4301 Nuper
939 4230 1025 4286 etiam
1049 4229 1075 4283 N
1080 4229 1273 4290 ietasohrus

203 4309 223 4366 l
241 4308 261 4364 1.
279 4309 300 4365 I.
315 4327 342 4380 p.
362 4314 413 4364 636
432 4310 466 4364 de
484 4308 548 4364 loeo
562 4306 706 4362 Plutarchi
724 4305 810 4360 verba
828 4303 935 4357 faciens
948 4300 1065 4369 Berghii
1083 4299 1270 4354 coniecturam
