2958 4896
250 251 312 322 122
396 219 404 246 ¹

686 260 852 312 ΗΣΙΟΔΟΤ

248 408 329 494 πρὶν
352 411 475 496 λεχέων
499 411 654 497 ἐπιβῆναι
678 413 851 500 ἐύσφύρον
872 413 1130 506 Ἠλεκτρυώνης,

248 519 328 600 πρίν
350 541 388 600 γε
410 516 518 585 πόνον
541 524 668 587 τίσαιτο
692 521 901 608 κασιγνήτων
925 523 1129 611 μεγαθύμων

247 614 287 707 ἧς
309 619 447 709 ἀλόχου,
471 629 603 716 μαλερῷ
627 625 665 693 δὲ
686 629 886 713 καταφλέξαι
910 631 991 717 πυρὶ
1014 629 1126 718 κώμας

247 727 384 816 ἀνδρῶν
407 729 529 818 ἡρώων
555 736 693 819 Ταφίων
717 733 768 801 idi
795 736 1002 822 Τηλεβοάων.

318 942 352 997 V.
374 951 415 1000 18.

317 1015 350 1069 V.
372 1022 413 1072 19.

451 1012 503 1084 ἠδὲ
523 1017 581 1071 ΜΞ.

246 1209 486 1338 iiiiiiieiiui
506 1213 670 1352 &titt
684 1215 749 1341 „lt

246 1355 295 1408 est.
347 1351 444 1408 Simile
473 1303 516 1410 eit
550 1351 656 1425 γυμνὸς
682 1352 748 1424 ἄτερ

248 1423 408 1494 Sophoel.
434 1426 477 1480 Ai.
507 1433 568 1482 464.
612 1426 651 1482 Of.
681 1429 748 1482 Tae-

245 1497 323 1550 tzam
342 1497 378 1550 ad
397 1496 467 1566 Opp.
488 1503 519 1551 91
546 1501 641 1566 χωρίς.
665 1501 748 1554 τοῦτο

247 1566 279 1622 δὲ
299 1562 330 1621 τὸ
356 1567 447 1654 σχῆμα
473 1570 697 1642 notatiuncula
716 1568 748 1626 ἐκ

245 1640 423 1708 παραλληλον
442 1642 578 1709 καλεῖται,
598 1639 751 1712 ὅητορικώς

247 1708 279 1764 δὲ
299 1704 468 1780 περιγραφή.

281 1781 315 1835 V.
328 1788 370 1835 17.
406 1781 554 1853 τίσαιτο]
566 1783 659 1839 Verbo
669 1785 749 1840 finito
765 1789 772 1812 ¹

247 1853 336 1907 utitur
350 1852 487 1907 Hesiodus
500 1855 749 1926 propternegatio·

243 1933 654 2065 steininen-212&
670 1927 749 2066 tal

244 2065 304 2120 tivo
317 2081 392 2132 vero,
411 2081 468 2119 non
482 2066 666 2135 subiunctivc
686 2085 748 2136 pro·

243 2129 747 2206 ptersissimperfectumNMatth.

243 2207 290 2262 Gr.
313 2213 336 2272 §-
356 2211 417 2260 522.
435 2207 462 2261 b.

280 2279 313 2334 V,
334 2284 375 2332 19.
416 2280 557 2346 Ταφίων
577 2276 628 2334 ἰδὲ
650 2279 748 2348 Τηλέ-

244 2345 370 2474 ecsiae]
395 2347 437 2404 De
466 2349 583 2420 Taphiis
611 2355 641 2406 et
668 2352 748 2406 Tele-

264 2421 304 2476 ois
322 2439 348 2473 v.
369 2419 474 2474 Stura.
495 2421 531 2476 ad
549 2421 700 2492 Pherecyd.
741 2467 746 2478 .

245 2499 287 2547 98.
315 2490 395 2546 Locis
407 2509 424 2546 a
434 2491 543 2547 Sturzio
557 2493 679 2549 laudatis
698 2442 747 2549 ai-

245 2562 329 2617 dcndi
353 2565 433 2617 erant
455 2563 589 2620 Pindar.
614 2565 693 2620 Nem.
713 2567 747 2634 X,

244 2640 285 2688 15.
307 2635 336 2688 et
354 2633 415 2689 loh
438 2635 531 2689 Alex.
550 2654 606 2689 τον.
626 2657 746 2706 παραηη.

241 2723 268 2776 p.
286 2710 311 2772 9,
332 2711 366 2773 4.,
386 2721 420 2759 ex
438 2723 494 2774 quo
509 2704 641 2761 discimus
661 2708 747 2764 etiam

244 2775 375 2848 Τηλεβῶς
404 2778 578 2831 contractum
604 2778 689 2834 fuisse
713 2797 747 2834 ex

244 2842 389 2918 Τηλεβόας
412 2847 463 2915 (sic
487 2865 554 2902 corr.
579 2865 623 2918 ap.
647 2851 747 2905 Iohan-

242 2921 327 2988 nem).
364 2917 490 2988 Taphias
516 2921 625 2988 autem,
651 2922 746 2976 Persei

239 2991 746 3131 tttlth⁹iptt⁰tttt10tffitul

239 3131 362 3200 Mycenis
388 3131 527 3186 coloniam
544 3133 675 3202 Taphum
699 3135 744 3189 de-

241 3203 372 3272 duxerat,
395 3220 480 3257 unam
503 3220 537 3258 ex
554 3204 743 3260 Echinedibus

240 3273 355 3340 insulis,
384 3290 399 3327 e
427 3275 540 3344 regione
568 3277 743 3330 Acarnaniae

240 3345 743 3490 αοεαεαειναε

238 3506 301 3542 rum
328 3489 452 3543 maxima
478 3505 543 3558 pars
570 3488 743 3544 Acarnaniae

238 3559 324 3614 litora
337 3559 510 3614 inhabitasse
525 3561 643 3628 videtur,
663 3561 741 3615 ante·

239 3647 324 3697 quam
351 3630 380 3684 in
408 3631 520 3686 Italiam
553 3629 676 3686 venisset
704 3633 740 3698 (v.

238 3703 368 3771 Vergil.
381 3705 451 3757 Aen.
462 3704 523 3770 VII,
538 3704 617 3768 lta).
650 3701 741 3771 Taphi

238 3776 300 3828 erat
326 3777 410 3842 caput
433 3774 556 3844 regionis
583 3771 741 3843 (Cephalle-

237 3845 300 3899 niae
309 3861 411 3899 nomen
421 3843 647 3915 antiquissimum
656 3843 741 3899 fuisse

236 3915 364 3982 videtum
405 3935 431 3970 v.
478 3916 512 3971 de
553 3914 741 3986 Cephalleniis

236 3987 363 4042 Buttm.
383 3988 419 4042 ad
439 3987 522 4056 Soph.
538 3986 610 4042 Phil.
629 4005 657 4056 p.
677 3989 740 4056 90.)‚

238 4058 313 4126 quod
331 4057 494 4113 incolebant
515 4053 619 4128 ἄνδρες
641 4052 739 4127 ἥρωες,

238 4127 278 4185 Of.
299 4129 333 4183 de
351 4129 395 4183 his
414 4128 512 4185 insulis
532 4130 687 4184 Strabon.
705 4129 739 4182 X.

234 4219 262 4270 p.
301 4205 361 4254 458.
399 4200 556 4270 Thucyd.
594 4201 637 4269 Π,
678 4205 737 4254 102.

235 4270 426 4341 spanheim.
438 4271 474 4325 ed
484 4270 593 4328 Gallim.
604 4272 664 4328 Del.
679 4276 736 4326 156.

452 945 519 1012 πνρλ
538 966 598 1000 κατ.
617 947 751 1003 M3.V1.
788 947 854 1017 ftis
872 943 1000 1018 ἄλόχον
1019 951 1060 1004 al.

802 1217 1045 1272 etSalmasium
1064 1219 1100 1273 ad
1111 1218 1195 1274 Solin.
1206 1237 1233 1288 p,
1246 1227 1307 1275 503.

803 1288 847 1341 Ab
866 1288 956 1343 Hom.
976 1290 1008 1343 ll.
1026 1291 1065 1358 ΙΙ,
1091 1295 1151 1344 626.
1188 1291 1308 1346 Echina-
1416 1342 1421 1351 ,

803 1359 852 1413 des
872 1357 1000 1414 dicuntur
1014 1377 1144 1416 «sacrae
1164 1361 1309 1432 insulae,

802 1432 917 1500 propter
944 1431 1099 1486 Acheloum
1126 1431 1241 1487 fluvium
1266 1451 1308 1488 sa-

803 1516 880 1556 crum
904 1503 934 1556 et
952 1497 990 1565 ώς
1008 1502 1058 1570 τῆς
1077 1498 1162 1572 ἄλλης
1180 1504 1232 1572 γῆς
1248 1497 1306 1574 Ἀμ-

804 1568 914 1697 φιύρεφ
934 1573 1131 1645 μεμιασμένης,
1150 1576 1183 1628 ut
1199 1573 1307 1658 legitur

805 1642 1055 1785 ii'TTheigyib'si
1069 1644 1306 1788 l'Ucriieiiuffeiidtis'

803 1785 967 1854 primariam
994 1803 1050 1841 non
1083 1787 1213 1857 attigisse
1239 1788 1308 1842 Am-

804 1856 983 1924 phitruonem
997 1859 1116 1926 apparet
1130 1874 1145 1911 e
1158 1875 1241 1912 versu
1261 1863 1309 1915 18:

803 1925 979 1995 καταφλέξαι
1006 1927 1074 1995 πνρλ
1100 1923 1224 1997 κώμας.
1265 1929 1309 1984 Cf.

804 1997 953 2065 Thucyd.
968 1997 990 2066 Ι,
1009 2003 1038 2051 5:
1058 1996 1107 2051 καλ
1120 2001 1307 2066 προςπίπτον-

802 2086 848 2129 τες
865 2063 981 2122 πόλεσιν
999 2063 1165 2138 ἀτειχίστοις
1183 2069 1231 2122 καὶ
1250 2089 1307 2123 κα-

803 2133 843 2190 τὰ
871 2135 985 2208 κώμας
1014 2137 1195 2210 οἰκουμέναις
1217 2134 1306 2209 ἥρπα-

805 2211 853 2274 ζον
878 2241 911 2250 -
939 2208 1080 2280 ἐληίζοντο
1108 2209 1140 2266 δὲ
1168 2210 1217 2265 καὶ
1244 2208 1305 2267 κατ’

802 2275 921 2348 ἤπειρον
957 2277 1101 2351 ώλλήλονς.
1143 2281 1192 2336 καὶ
1225 2281 1306 2353 μέχρι

801 2352 886 2407 τοῦδε
913 2349 1001 2408 πολλὰ
1035 2352 1084 2421 τῆς
1106 2347 1240 2414 Ἑλλάδος
1266 2355 1304 2428 τῷ

801 2424 911 2496 παλαιῷ
931 2421 1024 2498 τρόπῳ
1044 2422 1172 2512 νέμεται,
1191 2426 1259 2493 περί
1274 2445 1304 2480 τε

801 2491 928 2565 Λοκρούς
941 2493 1007 2558 τοὺς
1023 2490 1135 2561 Ὀζολας
1149 2495 1198 2550 καλ
1217 2494 1303 2550 Alem-

801 2561 867 2628 λούς
899 2567 948 2621 καλ
973 2564 1144 2636 Ἀκαρνᾶνας
1175 2567 1224 2620 καλ
1251 2563 1303 2637 τὴν

801 2633 890 2708 ταύτῃ
917 2633 1044 2708 ἤπειρον.
1086 2639 1179 2693 Naves
1207 2638 1302 2708 igitur,

801 2725 919 2776 quarum
942 2709 1029 2763 etiam
1050 2709 1167 2762 Plautus
1186 2710 1303 2778 Amphi·

800 2785 900 2834 truone
932 2781 1103 2834 mentionem
1134 2778 1216 2848 fecit,
1249 2797 1304 2835 non

800 2852 1030 2905 commemoratas
1050 2851 1084 2904 ab
1103 2848 1225 2906 Hesiodo
1245 2851 1303 2906 sine

800 2937 885 2975 causa
907 2921 1025 2975 miratur
1049 2920 1211 2990 Heyniue.
1249 2923 1304 2978 Sed

800 3007 847 3045 eas
872 2992 1029 3046 intulerunt
1052 2993 1142 3046 veteri
1165 2993 1208 3063 ep'
1245 3011 1302 3048 am·

798 3062 869 3116 mati
892 3062 967 3133 apud
990 3062 1177 3119 Herodot.
1228 3069 1302 3132 ,ta

799 3132 958 3188 scribendo:
984 3129 1157 3204 Ἀμφιτρύων
1185 3129 1212 3206 μ’
1236 3131 1302 3190 ώνέ-

797 3207 872 3271 θηκε
891 3202 965 3258 νέων
989 3204 1066 3272 (navi
1087 3207 1146 3272 ans)
1165 3200 1223 3260 cini
1245 3211 1301 3276 Τη-
1337 3210 1347 3237 x

798 3269 925 3343 λεβοολων
943 3276 988 3344 (cf.
1006 3223 1107 3331 Woif.
1125 3277 1256 3348 Prolegg.
1274 3296 1301 3347 p.

797 3345 880 3414 LV.)‚
905 3363 968 3401 cum
988 3347 1108 3440 sci-'mere
1127 3348 1301 3403 debuissent:

795 3412 968 3504 Ἀμφιτρύων
994 3413 1021 3488 μ’
1050 3413 1177 3487 ἀνέθηκε
1203 3416 1299 3491 λαβὼν

796 3482 854 3543 ολπο
867 3485 1045 3558 Τηλεβοάων.
1083 3487 1129 3544 Sic
1143 3489 1299 3548 Grammat.

797 3576 841 3628 ap.
868 3559 970 3615 Crem.
996 3560 1100 3615 Anecd.
1129 3559 1179 3616 Ox.
1202 3561 1249 3616 IV.
1273 3579 1301 3632 p.

797 3636 857 3686 320.
894 3631 936 3685 De
958 3632 1011 3686 hac
1035 3626 1093 3684 ἀπό
1117 3633 1302 3702 praepositio-

795 3703 838 3757 nis
866 3701 1069 3772 significatione
1094 3722 1121 3757 v.
1150 3704 1299 3759 Boeckh.

796 3772 877 3844 (lorp.
896 3777 979 3830 inscr.
995 3773 1041 3830 Gr.
1059 3774 1080 3828 Ι.
1099 3793 1127 3844 p.
1143 3780 1186 3830 35.
1223 3775 1299 3828 Plu-

795 3844 901 3900 tarch.
921 3845 956 3900 de
969 3846 1052 3916 Pyth.
1067 3862 1139 3901 orec.
1160 3851 1207 3901 15:
1227 3851 1301 3915 Βρα-

795 3917 875 3978 σίδας
898 3915 948 3970 καλ
969 3911 1111 3972 Ἀνοὶνθιοι
1133 3911 1192 3971 cini
1220 3912 1300 3986 Ἀθη-

795 3988 885 4040 ναίων
899 3986 947 4041 καὶ
960 3984 1103 4056 Ἀθηναῖοι
1121 3982 1179 4042 ἀπὸ
1199 3993 1300 4057 Κοριν-

793 4058 882 4126 θίων,
905 4058 954 4113 καλ
978 4061 1087 4120 Φωκεῖς
1110 4052 1167 4113 ἀπὸ
1189 4061 1298 4114 Θεσσα-

793 4128 862 4197 λών,
886 4123 1042 4199 Ὀρνεᾶται
1055 4124 1082 4183 δ’
1106 4124 1164 4184 ἀπὸ
1190 4133 1299 4184 Σικυω-

792 4199 876 4288 νίων,
893 4195 1090 4271 ’λμφικτνόνες
1109 4196 1137 4254 d’
1158 4196 1214 4254 ἀπὸ
1237 4203 1299 4256 Φω-

793 4290 876 4326 νεων.
