2892 4902
1143 337 1207 386 XLI

133 499 205 557 gere
228 480 365 557 videtur,
388 480 421 538 in
442 481 527 540 cuius
549 482 649 542 fronte
674 481 788 543 Chaos
807 483 1009 543 introducitur
1032 477 1065 563 (i.
1089 503 1114 543 e.
1137 503 1208 544 ma-

134 589 242 646 gnum
266 569 376 627 inane
394 570 443 629 vel
461 569 549 628 luft-
573 571 634 628 und
652 572 919 648 nebelfbrmige
941 572 1162 632 Urmaterie:
1177 594 1207 634 v.

135 658 253 718 Lucret
269 657 294 731 I,
316 659 415 734 10963
434 658 472 733 ΙΙ,
493 661 566 719 121.
598 658 689 735 Verg.
703 661 766 722 Hel.
780 660 833 735 VI,
849 653 1039 740 30)„postea
1053 662 1209 722 Materia

136 741 169 828 (i.
187 766 212 806 e.
232 738 351 826 Tellus)
370 750 401 805 et
419 745 526 807 Amor
541 749 816 824 cosmbgonicus
830 751 882 824 ita,
896 753 932 809 ut
948 751 1003 809 illa
1021 750 1151 826 primum
1171 770 1207 810 er

138 853 178 913 se,
197 835 262 895 sine
282 835 417 912 coniuge,
442 837 494 895 sed
517 836 654 896 adiutore
677 837 788 898 Amore
809 829 990 919 (Hesiodum
1011 839 1090 898 enirn
1113 840 1208 899 Amor

136 925 167 983 in
188 923 380 999 cosmogonia
393 923 456 984 fere
475 924 555 984 idem
571 929 625 1001 est,
649 927 729 1002 quod
750 921 850 1005 θυμός
872 928 904 986 in
930 927 1127 1004 psychologia
1155 945 1208 987 seu

137 1006 167 1073 rt
189 1009 295 1091 φέρον,
324 1014 404 1088 quod
430 1013 611 1074 Aristoteles
639 1015 714 1075 dicit
740 1016 804 1076 loco
827 1015 1102 1093 Metaphysicorum
1129 1017 1211 1076 infra

136 1101 300 1176 laudando,
328 1119 382 1160 eeu
410 1103 534 1179 spiritus
565 1105 645 1179 apud
667 1104 759 1180 Verg.
782 1103 857 1163 Aen.
880 1104 932 1178 VI,
958 1109 975 1165 7
981 1099 1050 1186 24),
1075 1103 1208 1180 Ocelum,

137 1192 268 1265 Montes,
300 1190 428 1250 Pontum
461 1195 611 1268 procreet,
647 1197 754 1268 postea
786 1212 854 1252 cum
886 1191 976 1253 Coelo
1009 1195 1208 1254 concumbens

128 1281 259 1356 ¹praeter
281 1280 341 1339 alia
363 1281 486 1340 numina
509 1281 602 1341 etiarn
621 1281 773 1342 Oceanum
792 1285 823 1342 et
841 1282 974 1359 Tethyn,
998 1300 1072 1359 quos
1092 1286 1208 1342 ceteros

137 1370 206 1429 deos
230 1369 428 1444 progenuisse
452 1369 561 1430 dicitur
583 1389 739 1447 nusquam.
779 1371 863 1430 Haec
884 1371 980 1447 igitur
1001 1390 1112 1447 magna
1136 1390 1209 1431 sane

136 1459 257 1518 videtur
272 1457 441 1517 differentia
460 1477 538 1536 esse,
557 1477 617 1519 non
635 1463 722 1519 tanta
741 1462 855 1537 tamen,
874 1463 987 1536 quanta
1000 1461 1097 1519 videri
1111 1460 1209 1536 possit

136 1548 266 1623 primum
281 1547 547 1607 considerantibus.
576 1549 711 1625 Utraque
727 1551 807 1608 enim
821 1549 1012 1626 cosmogcnia
1025 1550 1074 1610 via
1088 1552 1214 1608 tantum·

136 1636 249 1709 differt,
273 1654 333 1695 non
355 1637 481 1696 ratione.
527 1636 637 1696 Omnes
666 1639 746 1696 enim
773 1639 815 1696 dii
844 1638 1007 1698 secundum
1029 1638 1154 1696 Homeri
1177 1643 1208 1696 et

136 1725 262 1784 Hesiodi
285 1725 451 1784 doctrinam
477 1726 538 1785 orti
565 1727 637 1786 sunt
666 1745 702 1785 ex
724 1727 863 1801 materia,
890 1746 950 1786 uon
972 1726 1049 1785 hanc
1071 1743 1210 1802 procrea·

135 1816 246 1874 verunt
273 1813 339 1888 ipsi
384 1813 450 1874 Hae
472 1818 574 1874 autem
596 1815 798 1891 pantheistica
824 1806 952 1896 (utimur
979 1815 1059 1875 enim
1087 1817 1208 1891 recepto

136 1902 216 1978 apud
248 1920 303 1962 nos
335 1895 496 1982 vocabulo)
530 1899 665 1962 dodtrina
697 1903 880 1964 Graecorum
917 1904 1107 1980 cosmogonia
1142 1907 1209 1964 toto

137 1992 218 2051 coelo
242 1990 345 2049 differt
368 1992 596 2068 aeosmogonia
616 1993 796 2068 populorum
815 1993 1020 2068 orientalium,
1045 1991 1209 2068 Aegyptio-

136 2099 203 2138 rum
231 2079 392 2156 praecipue
420 2083 451 2140 et
473 2080 646 2156 Persarum,
674 2101 802 2157 quorum
826 2081 868 2141 dii
891 2082 1048 2141 materiam
1072 2087 1125 2140 aut
1148 2081 1209 2157 ipsi

135 2171 331 2244 procrearunt
344 2172 397 2228 aut
415 2173 496 2228 certe
510 2169 641 2245 oppositi
660 2171 798 2230 materiei
812 2171 891 2231 sunt.
923 2169 1024 2229 Aliam
1043 2170 1210 2229 doctrinam

136 2259 216 2317 inter
239 2255 370 2317 Graecos
394 2257 508 2334 primus
532 2259 696 2318 secundum
718 2260 885 2336 Diogenem
907 2259 1064 2320 Laertium
1087 2259 1110 2336 I,
1136 2263 1163 2333 1,
1189 2263 1208 2318 9

137 2346 271 2406 Thales
298 2346 420 2406 videtur
446 2347 637 2423 proposuisse
665 2349 815 2408 sententia
842 2350 910 2408 hac:
944 2342 1054 2425 κόσμος
1094 2347 1208 2425 ποίημα

135 2437 222 2511 θεοῦ,
236 2434 402 2495 Hesiodum
415 2435 447 2494 in
462 2437 528 2496 aliis
543 2437 680 2512 vestigiis
704 2439 889 2513 persecutus,
912 2441 948 2495 ut
971 2435 1072 2496 docuit
1086 2435 1208 2496 Flach.

137 2523 259 2600 System
273 2543 302 2599 p.
320 2526 458 2585 10-23.
491 2524 527 2583 In
544 2525 642 2601 prima
659 2529 747 2601 parte
765 2525 985 2602 mythologice,
1010 2525 1209 2601 cosmogonia

137 2631 203 2674 cum
227 2612 414 2688 philosophis
437 2613 579 2674 laudatur
598 2613 748 2674 Hesiodus
771 2614 810 2673 ab
829 2612 1035 2673 Aristotele
1058 2631 1126 2670 cum
1140 2614 1209 2671 Hm-

136 2701 272 2778 pedocle,
299 2700 490 2776 Parmenide,
519 2701 706 2763 Hermotimo
734 2694 881 2782 (Metaph.
908 2701 939 2778 I,
971 2693 1013 2781 1·).
1053 2701 1102 2760 Ita
1124 2701 1209 2760 Plu·

136 2791 288 2850 tarchus
317 2791 353 2850 de
381 2790 510 2867 Pythiae
538 2810 615 2851 orac.
646 2794 701 2851 18:
735 2785 878 2870 πρότερον
905 2786 959 2868 μὲν
987 2787 1020 2849 ἐν
1046 2783 1210 2867 ποιήμασιν

138 2875 277 2957 ἐξέφερον
306 2877 337 2938 οἱ
362 2871 525 2957 φιλόσοφοι
555 2874 591 2939 τά
624 2874 757 2961 δόγματα
787 2877 838 2939 καὶ
863 2872 933 2951 τοὺς
959 2872 1081 2958 λόγους,
1113 2873 1210 2958 ὥςπερ

135 2959 260 3046 Ὀρφεὺς
283 2963 330 3026 καὶ
350 2960 490 3040 Ἡσίοδος
511 2965 562 3027 καὶ
585 2969 776 3046 Παρμενίδης
799 2965 848 3028 καὶ
871 2961 1047 3044 Ξενοφάνης
1069 2964 1121 3026 καὶ
1140 2961 1211 3044 'Ep-

138 3055 286 3134 νιεδοκλῆς
316 3053 367 3115 καὶ
397 3056 504 3134 Θαλῆς.
545 3057 729 3132 Diogenes
757 3058 791 3119 L.
819 3058 874 3134 IX,
906 3059 936 3132 3,
969 3058 1003 3116 3:
1039 3052 1089 3114 acl
1120 3049 1210 3127 αὐτὸς

139 3136 358 3225 (Παρμενίδης)
382 3141 414 3205 δὲ
437 3139 487 3204 διδι
510 3137 684 3223 ποιημάτων
707 3150 880 3225 φιλοσοφεῖ,
906 3136 1045 3223 καθάπερ
1069 3135 1210 3216 Ἡσίοδός

137 3231 238 3293 τεκαὶ
261 3226 439 3311 Ξενοφάνης
461 3231 512 3294 καὶ
530 3228 740 3313 Ἐμπεδοκλῆς.
777 3233 958 3294 Certavere
981 3234 1072 3292 huius
1096 3252 1211 3293 cosmo-

138 3325 245 3399 gouiae
283 3322 441 3398 explicatio
477 3323 599 3383 aliunde
635 3325 699 3399 peti
729 3342 790 3384 non
820 3341 909 3400 posse
951 3321 1082 3396 videtur,
1119 3340 1210 3398 quam

138 3431 174 3470 ex
197 3411 395 3488 etymologia,
418 3415 455 3471 ut
476 3413 574 3472 facere
598 3416 721 3472 conatus
746 3415 794 3473 est
816 3412 1043 3471 Hermannus
1072 3405 1123 3490 (de
1146 3430 1211 3486 my·

138 3501 275 3576 tholegia
289 3498 473 3560 Graecorum
496 3502 706 3577 antiquissima
727 3502 759 3560 in
782 3519 881 3577 opusc.
900 3519 942 3560 ac.
964 3500 988 3560 Ι.
1010 3520 1038 3576 p.
1060 3501 1121 3560 167
1148 3518 1208 3575 seq.

139 3589 222 3648 etin
247 3588 385 3665 Epistola
413 3590 451 3648 ad
474 3589 555 3650 Prid.
579 3588 758 3649 Greuzerum
781 3588 862 3666 Lips.
888 3581 997 3668 1819).
1034 3588 1123 3646 Modo
1150 3607 1210 3646 me-

138 3678 314 3737 minerimus
337 3677 369 3737 in
392 3682 456 3738 tam
479 3679 611 3755 antiquis
633 3677 788 3740 uocabulis
817 3673 919 3756 (nemo
942 3677 1022 3736 enim
1044 3676 1210 3736 Hesiodum

138 3766 237 3841 ipsum
260 3766 342 3826 dicet
364 3761 565 3848 inventorem)
589 3787 624 3828 eo
647 3767 760 3828 maiore
783 3786 858 3843 opus
882 3785 949 3827 esse
973 3766 1122 3842 cautione,
1151 3784 1211 3841 quo
1322 3843 1323 3848 η

139 3855 302 3915 remotiora
334 3857 406 3916 sunt
437 3859 587 3933 tempora,
625 3857 734 3934 quibus
766 3874 894 3932 procusa
925 3856 1004 3916 sunt.
1050 3856 1213 3915 Praeterea

140 3948 239 4004 autem
267 3945 300 4004 id
327 3963 446 4020 quoque
477 3945 687 4006 observatione
719 3945 845 4022 dignum
875 3945 1007 4017 videtur,
1039 3944 1119 4020 quod
1150 3961 1211 4001 non

141 4034 277 4093 omnibns
301 4033 488 4109 temporibus
507 4053 557 4095 eos
576 4035 724 4109 homines,
748 4035 800 4111 qui
821 4034 941 4093 fabulas
960 4032 1110 4110 mythicas
1134 4049 1211 4091 oom-

140 4125 313 4196 posuernnt,
337 4122 438 4182 omnia
454 4124 576 4183 nomina
594 4124 703 4201 quibus
717 4123 766 4182 usi
784 4123 897 4183 fuerint
914 4125 995 4182 recte
1016 4121 1212 4193 intellexisse,

144 4209 200 4270 imo
231 4211 352 4288 saepius
380 4211 489 4271 falsam
513 4212 727 4290 etymologiam
756 4216 874 4272 secutor
898 4229 963 4271 esse
987 4210 1060 4270 satis
1084 4211 1211 4269 constat.

141 4297 254 4368 Quibus
279 4301 423 4376 expositis
446 4299 612 4362 Hermanni
634 4305 744 4380 artem,
770 4320 861 4378 quam
883 4319 979 4376 nuper
1003 4317 1119 4358 summa
1142 4315 1210 4356 cum
