2958 4896
236 307 279 374 34
684 313 853 366 Ηειοιου

234 478 305 544 τοῖς
328 463 390 533 οὐκ
413 463 521 546 ἐξιτόν
544 467 625 552 ἐστι,
648 466 756 547 πύλας
779 465 810 534 δ’
836 470 976 552 ἐπέθηκε
998 471 1178 538 Ποσειδῶν

234 576 397 656 χαλκείας,
419 583 526 657 τείχος
549 570 586 638 δὲ
608 579 795 660 ίιεροίχεται
817 571 1068 660 ἀμφοτέρωθεν.

235 680 322 744 ἔνθα
345 675 444 764 Γύης,
468 677 597 758 Κόττος
618 707 654 748 τε
676 682 732 750 καὶ
751 678 948 768 Ὀβριάρεως
970 679 1167 768 μεγάθυμος

234 787 403 868 ναίουσιν,
427 782 575 870 φύλακες
597 788 709 856 πιστοὶ
731 782 815 864 Διὸς
837 784 1011 872 αἰγιόχοιο.
1245 807 1296 858 730

234 893 321 957 έυθα
344 888 382 957 dl
404 894 466 978 γῆς
490 893 661 980 δνοφερῆς
682 892 738 959 καὶ
764 889 939 979 Ταρτάρου
961 890 1139 981 ἠερόεντος

232 995 360 1064 πόντου
383 994 408 1064 τ’
434 995 630 1087 ἀτρυγέτοιο
652 999 708 1065 καὶ
731 994 880 1084 οὐρανοῦ
903 997 1121 1087 ἀστερόεντος

234 1102 337 1189 ἑξείης
359 1103 497 1174 πόντων
520 1105 622 1193 πηγαὶ
644 1103 699 1170 καί
721 1100 844 1189 πείρατ’
871 1109 977 1191 έασιν,

232 1205 384 1298 ἀργαλέ’,
408 1208 587 1299 εὐρώεντα,
610 1208 685 1277 τάτε
708 1216 887 1294 στυγέουσι
910 1217 990 1279 θεοί
1008 1237 1081 1302 περ,

233 1315 344 1404 χάσμα
362 1315 445 1405 μέγ’,
471 1315 554 1386 οὐδέ
572 1342 608 1383 κε
628 1313 736 1383 πάντα
753 1317 959 1406 τελεσφόρον
982 1325 1030 1400 είς
1048 1319 1204 1390 ἐνιαυτὸν
1247 1341 1298 1392 740

234 1415 338 1504 οὖδας
360 1422 521 1510 ἵκοιτ’,ἐί
541 1425 653 1511 πρῶτα
676 1424 809 1492 πυλέων
833 1429 975 1493 ἔντοσθε
996 1427 1138 1512 γένοιτο.

305 1673 339 1728 V.
351 1678 411 1727 737,
430 1665 540 1738 θόρας
553 1669 599 1723 Tr.
610 1669 738 1728 Vespa.
753 1703 788 1713 -
803 1674 993 1746 Ποσειδῶν]
1010 1676 1056 1731 Sic
1066 1677 1145 1733 codd.
1157 1677 1299 1733 Koechl.

233 1740 399 1798 Ποσειδέων
417 1759 480 1797 oum
497 1741 543 1794 Va
562 1741 617 1795 scri
637 1744 732 1797 serunt
751 1743 876 1800 Goetll
897 1745 1046 1803 Schoem.

289 1814 338 1896 ,V3
359 1820 418 1868 733.
454 1817 569 1880 τεῖχος
590 1761 635 1866 δέ
650 1816 863 1886 περοίχεται]
888 1816 934 1872 Sic
957 1819 1038 1874 codd.
1062 1818 1126 1873 Val.
1148 1819 1209 1874 Me.
1233 1821 1297 1889 Pa,

235 1885 354 1939 comecil
378 1884 471 1939 Herm.
500 1882 537 1936 ad
565 1881 652 1953 Orph.
680 1903 708 1954 p.
736 1891 796 1940 820.
833 1893 927 1957 τοῖχος
949 1889 1036 1956 Med,
1061 1889 1135 1957 quod
1153 1893 1298 1959 receperat

232 1954 360 2010 costel.
380 1955 535 2022 περίκειται
555 1948 580 2008 δ’
606 1955 652 2010 vel
670 1963 828 2022 περιτεῖναι
846 1959 922 2030 vulg.
960 1959 1000 2014 Of.
1019 1960 1056 2014 Di
1076 1975 1170 2014 amma
1187 1977 1215 2028 p.
1235 1967 1277 2016 77.

230 2097 266 2152 Cf
302 2025 335 2081 V.
356 2031 416 2082 734,
452 2023 545 2094 Vulgo
573 2021 680 2089 Κόττος
707 2046 737 2082 τε
765 2029 814 2082 τιαλ
838 2025 853 2083 ὁ
878 2025 1027 2100 Βριάρεως.
1089 2046 1147 2084 aur.
1171 2029 1230 2084 sine
1255 2049 1294 2085 τε.

264 2102 395 2152 .v.61'1.

300 2166 335 2222 V.
355 2173 415 2222 τεο,
436 2171 494 2221 ιιι.
515 2172 575 2223 sos.
614 2163 721 2224 ἐτείοε
740 2170 773 2224 A.
793 2171 878 2227 Gaias.

301 2239 335 2293 V.
356 2244 416 2293 739.
453 2233 611 2310 ἀργαλέ’]
629 2240 738 2297 Philod.
757 2242 822 2307 περὶ
840 2237 988 2313 εὐσεβείας
1004 2260 1032 2311 p.
1051 2247 1086 2297 27
1106 2238 1262 2313 ζμερὸαλέ’.

301 2311 334 2365 V.
354 2315 414 2363 741.
452 2309 563 2363 lucsco
577 2342 610 2350 —
625 2311 774 2382 γίνοιτο]
794 2312 925 2367 Ridicula
943 2314 986 2367 esi
1004 2313 1165 2370 coniectura
1178 2315 1296 2372 (luisti

232 2382 304 2437 ἵκοιο
323 2382 351 2436 ελ
369 2379 472 2450 γένοιο.
492 2410 525 2422 -
543 2381 597 2438 Pro
616 2384 712 2452 πρῶτα
732 2385 813 2439 Taur.
833 2378 952 2453 πρόσθε.

268 2612 301 2665 V.
317 2617 377 2665 732.
414 2611 470 2666 Our
482 2613 614 2684 Neptuno
628 2615 682 2671 hoo
696 2616 737 2671 in·
791 2616 879 2671 habel
900 2617 1044 2672 oraculum
1066 2634 1112 2686 ap.
1135 2618 1296 2675 Herodot.

231 2683 356 2738 iunctum
374 2683 483 2752 negotii
496 2688 548 2774 εελ,
566 2703 622 2740 non
636 2686 737 2742 Vulca-
791 2686 853 2754 VH,
873 2694 933 2744 140.

232 2760 287 2808 no?
309 2748 401 2816 τόλας
429 2751 540 2826 έπέθηχ
565 2752 737 2826 Ἥφαιστος7
826 2759 861 2812 V.
877 2764 937 2812 737.
975 2757 1108 2813 Scholion
1122 2757 1192 2811 mire
1211 2775 1296 2844 guan-

230 2825 338 2892 Nempe
370 2826 445 2893 quod
476 2827 526 2882 illc
554 2825 681 2898 ῥιζοῦχος
709 2832 738 2882 et
790 2830 852 2882 tum
866 2827 1027 2897 apposilum
1045 2828 1222 2895 sstlsluesp
1238 2825 1296 2896 διά,

231 2891 406 2964 ἐννοσίγαιος
424 2899 474 2952 est.
513 2898 649 2968 Numqui
662 2915 737 2952 moe·
791 2894 898 2952 τούτων
917 2898 973 2951 τῶν
992 2895 1076 2966 (lekeis
1094 2891 1147 2952 υάκ
1166 2893 1296 2969 dudodec-

228 2967 277 3021 nia
297 2967 443 3038 profliget,
466 2970 584 3024 eundem
612 2985 627 3022 e
652 2969 737 3023 Grae-
790 2966 865 3035 τέον,
884 2963 918 3022 od
938 2966 1107 3036 πορευτέον,
1125 2967 1199 3022 unde
1217 2969 1295 3024 echo·

229 3054 324 3094 comm
340 3039 471 3108 opinione
487 3040 574 3094 etiam
594 3041 734 3094 exstruere
778 3038 902 3092 -liastam
920 3038 989 3108 τῶν,
1012 3055 1069 3092 non
1093 3045 1165 3107 τοῖς,
1192 3039 1294 3110 legisse

226 3125 307 3178 posse
322 3111 600 3166 consentaneumesl.
636 3110 735 3176 Itaque
788 3125 879 3176 neque
897 3127 923 3164 v.
944 3115 994 3164 731
1018 3109 1049 3164 in
1072 3109 1225 3180 exemplari
1243 3127 1294 3166 suo

227 3180 375 3249 Neplunus
419 3182 505 3236 etiam
548 3179 735 3234 Laomedonti
787 3179 935 3248 invenisse,
951 3175 1198 3234 cumsodsusvdv
1213 3176 1296 3251 ἐσχό-

227 3250 339 3306 moenia
366 3251 529 3306 condiderat
555 3251 734 3320 pertinecque
787 3269 843 3304 των
853 3250 1002 3306 dicendum
1012 3252 1039 3306 ci
1053 3253 1135 3319 esset,
1145 3254 1221 3306 recte
1231 3269 1295 3308 con-

226 3321 257 3375 id
280 3322 427 3392 negotium
454 3321 566 3391 propris
591 3321 627 3376 ad
651 3321 734 3376 huius
788 3321 857 3376 iecit
876 3322 1131 3378 Schoemannus
1159 3321 1195 3377 ad
1218 3323 1245 3379 h.
1268 3341 1294 3379 v.

226 3392 348 3463 prolem,
373 3392 521 3462 Cyclopas3
546 3411 572 3446 v.
595 3391 670 3447 Hcs.
689 3409 735 3462 ap.
790 3392 1295 3465 (71.1’τίεᾶ13οᾶεελείελοπ1186.

228 3463 320 3518 Schol.
344 3463 481 3533 Lycophr.
500 3482 528 3518 v.
547 3469 607 3520 393.
644 3464 735 3518 Hom.
789 3464 905 3520 Flacle
933 3465 1063 3520 Scholien
1089 3482 1117 3534 p.
1147 3471 1206 3520 105.
1253 3465 1296 3521 De

226 3534 260 3588 Il.
278 3535 358 3605 XXI,
384 3541 446 3589 442.
465 3565 499 3574 —
520 3529 647 3606 ἐξιτόν]
675 3535 737 3590 Hoc
789 3537 1118 3607 εροοορείππεροίχεται
1127 3537 1293 3592 v.adv.6‘18.

227 3605 341 3660 unicum
366 3621 426 3660 esse
445 3605 568 3660 verbalis
586 3606 669 3661 huius
688 3607 736 3661 ad·
825 3607 859 3662 V.
887 3613 947 3665 739.
989 3603 1175 3679 εὐρώεντα]
1205 3607 1296 3678 Signi-

227 3676 324 3732 iectivi
347 3677 507 3746 exemplum
529 3677 588 3732 sine
612 3676 736 3747 duplica·
790 3678 905 3733 ficetum
918 3679 1002 3733 huius
1016 3678 1148 3734 vocabuli
1158 3696 1219 3734 esso
1233 3697 1295 3733 σκο-

226 3749 257 3802 λο
284 3747 314 3801 in
335 3748 428 3804 fronte
446 3748 540 3804 iudice
558 3751 733 3804 monuerant.
788 3745 882 3812 τεινός
898 3749 996 3805 docuil
1013 3749 1207 3818 Nauckius,
1229 3749 1295 3804 Bul-

226 3817 351 3875 Buesm.
389 3819 435 3875 Gr.
473 3820 522 3876 ub.
558 3821 579 3874 I.
611 3837 638 3890 p.
672 3825 732 3875 554.
787 3819 835 3876 let.
855 3827 925 3877 1876
944 3839 972 3891 p.
993 3827 1034 3877 12.

226 3888 411 3946 Focrstem.
435 3909 463 3960 p.
485 3897 529 3946 44.
571 3892 632 3946 Iam
656 3891 733 3963 prius
822 3892 856 3945 V.
878 3898 938 3947 741.
966 3891 1293 3962 ἵκοιτο-γένοιτο]

227 3960 298 4014 alibi
328 3961 429 4032 ταριτέ
467 3979 666 4032 proposueram
698 3979 732 4018 ex
788 3962 864 4018 Ous
873 3965 924 4033 est,
942 3966 976 4018 ul
988 3984 1030 4026 τις
1038 3963 1215 4033 inlelligalur
1228 3979 1292 4016 cum

227 4031 361 4088 Gallim.
383 4033 451 4088 Lav.
475 4033 545 4090 Pall.
571 4040 614 4089 00,
649 4033 732 4089 Addo
826 4034 902 4099 olfio;
921 4035 978 4090 vid.
998 4034 1124 4090 scholion
1143 4027 1187 4087 ὅτι
1205 4028 1292 4088 έλλεί·

226 4120 300 4158 nuno
318 4099 453 4173 ἀτρόϊτος
475 4104 550 4174 apud
572 4104 732 4160 Dinarch.
787 4123 835 4159 πει
848 4101 880 4159 τὸ
895 4109 945 4173 τίς,
960 4103 1021 4160 οἷον
1037 4100 1099 4160 αὖθ’
1114 4099 1151 4158 ἀν
1165 4123 1213 4166 τις.
1251 4103 1291 4161 Cf.

228 4191 251 4229 c.
269 4175 414 4230 Demosth.
438 4193 465 4244 p.
487 4181 554 4245 102,
578 4181 601 4230 1.
638 4176 673 4230 H.
693 4175 733 4230 St.
753 4197 759 4238 ι
787 4175 867 4230 Iliad.
882 4177 955 4243 XIII,
970 4183 1021 4232 387
1034 4178 1063 4231 et
1072 4173 1158 4244 XXII,
1176 4177 1206 4230 ελ
1220 4192 1292 4245 quae

227 4245 291 4302 coll
332 4246 466 4302 Aliioisla
507 4263 552 4316 ap.
593 4246 732 4301 Villois.
788 4248 919 4316 exponit
940 4245 1200 4303 Frisdlaendor.
1230 4247 1292 4302 Ari·

229 4317 330 4374 Anecd.
344 4317 379 4372 II.
393 4336 421 4388 p.
437 4322 479 4374 83.
497 4313 567 4373 Ἰτόν
581 4321 647 4388 (non
663 4319 733 4386 ίτον)
787 4321 859 4374 s'con
878 4337 905 4389 p.
924 4325 950 4373 6.
