2904 4900
560 280 835 336 FRAGMENTA.
1165 280 1230 344 325

567 493 693 560 υινιι.
709 493 826 582 (ιιι.)

234 617 257 671 Ρ
265 633 378 674 aunan.
398 617 450 685 IV,
470 624 498 685 2,
520 624 548 670 1:
571 616 721 672 πυθέσθαι
741 614 772 671 δὲ
793 617 901 686 σπουδῇ
921 611 999 670 πάνυ
1019 611 1172 686 ἐθελήσας,
1191 618 1230 671 οῗ-

157 726 237 769 τινες
261 708 362 769 παῖδες
384 701 547 760 Πολυκάονι
574 701 706 774 ἐγένοντο
731 700 763 759 ἐκ
786 699 951 773 Μεσσήνης,
981 700 1157 776 ἐπελεξάμην
1180 704 1231 767 τάς

158 814 189 849 τε
208 790 304 857 Ἠοίας
326 793 503 864 καλουμένας
526 793 576 847 καλ
593 790 628 847 τά
649 791 703 862 ἔπη
726 789 761 848 τά
780 789 969 860 Ναυπάκτια,
993 789 1063 864 πρός
1080 813 1110 848 τε
1133 789 1231 856 αότσῖς

158 878 255 938 ὁπόσα
279 883 429 937 Κιναίθων
452 881 500 936 καλ
519 878 605 944 Ἄσιος
630 878 868 952 ἐγενεαλόγησαν·
893 877 926 936 σό
950 879 1006 953 μήν
1030 880 1061 945 ἔς
1083 902 1114 951 γε
1140 883 1231 937 ταῦτα

159 964 196 1039 ήν
220 973 317 1039 σφίσιν
344 965 431 1026 σόᾶὲν
458 969 665 1044 πεποιημένω,
694 967 764 1026 άλλά
788 965 890 1026 Ὕλλου
915 968 967 1039 μὲν
990 971 1040 1025 τοό
1062 966 1231 1039 Ἡρακλέους

158 1059 285 1130 θυγατρί
304 1055 436 1131 Εὐαίχμῃ
461 1061 625 1129 συνοικῆσαι
652 1055 837 1128 Πολυκάονα,
861 1055 927 1114 υίόν
945 1053 1069 1129 Βοότου,
1093 1055 1232 1127 λεγούσας

157 1144 211 1210 τάς
230 1144 355 1218 μεγάλας
372 1145 438 1202 οίὸα
457 1145 558 1216 Ἠοίας,
577 1143 611 1200 τά
632 1145 664 1203 δὲ
685 1144 714 1210 ἐς
732 1144 782 1202 τόν
796 1141 948 1216 Μεσσήνης
967 1141 1059 1214 ἄνδρα
1079 1147 1128 1200 καί
1146 1143 1180 1202 τά
1202 1143 1232 1209 ἐς

159 1233 253 1305 αὐτὴν
275 1233 429 1306 Μεσσήνην
446 1238 584 1306 παρεῖταί
600 1254 687 1305 σφισι.

559 1414 702 1480 οινιιι.
732 1412 835 1501 (ιιι.)

234 1536 346 1592 Schol.
366 1537 443 1593 Ven.
463 1538 494 1590 ss.
513 1537 591 1604 XIX,
616 1543 680 1592 116:
701 1532 830 1600 Ἡσίοδος
852 1535 884 1591 δὲ
910 1532 1045 1610 Ἀρτιβίαν
1064 1532 1117 1606 τήν
1141 1531 1231 1606 Ἀμφι-

158 1618 307 1694 δάμαντος
321 1619 523 1693 ἀποφαίνεται.
559 1625 639 1680 Adde
655 1625 765 1680 Schol.
785 1625 888 1681 vich:
909 1623 939 1679 οί
955 1623 1007 1696 μὲν
1023 1620 1184 1695 Ἀμφιβίαν,
1204 1621 1234 1677 σί

157 1711 192 1766 δὲ
211 1707 348 1786 Ἀντιβίαν
373 1710 423 1782 τὴν
444 1708 674 1784 Ἀμφιδάμαντος.
713 1708 840 1776 Ἡσίοδος
864 1712 896 1768 δὲ
916 1715 1066 1782 Νικίππην
1091 1713 1160 1782 φησὶ
1178 1708 1231 1781 τήν

159 1799 301 1862 Πέλοπος.
839 1803 840 1806 ’

576 1927 685 1994 om.
714 1926 817 2013 (118.)

234 2049 338 2104 Uram.
357 2047 461 2103 Aneod.
482 2047 532 2104 Ox.
552 2049 572 2104 I.
592 2067 619 2118 p.
639 2055 705 2104 461:
721 2045 849 2110 Ἡσίοδος
863 2047 895 2104 δὲ
910 2045 941 2104 τό
961 2045 1080 2117 πρόκριν
1099 2043 1175 2116 παρά
1195 2045 1228 2101 τό

159 2139 262 2206 κρίσις,
281 2132 427 2207 πρόκρισις
446 2132 594 2207 πρόκρισιν
612 2139 662 2191 καὶ
681 2133 713 2191 ἐν
731 2139 857 2208 συγκοπῇ
877 2137 1003 2220 πρόκριν.
1075 2183 1080 2192 .

581 2296 674 2364 CLX.
708 2298 811 2385 (119.)

232 2423 376 2478 Pausan.
395 2420 421 2488 Ι,
440 2427 466 2488 3,
486 2426 515 2474 1:
543 2418 648 2488 ταύτης
667 2416 762 2476 ἔπεστι
784 2420 822 2491 τῷ
841 2414 955 2491 κεράμῳ
973 2418 1023 2486 τῆς
1042 2419 1126 2480 στοᾶς
1144 2413 1230 2487 άγάλ-

157 2529 235 2580 ματα
259 2502 348 2578 όπτής
370 2508 434 2578 γῆς,
464 2503 562 2576 άφιελς
586 2503 696 2576 Θησεὺς
720 2503 749 2570 ἐς
772 2502 923 2562 θάλασσαν
941 2507 1090 2577 Σκείρωνα
1109 2507 1159 2561 καὶ
1178 2507 1230 2576 φό-

159 2614 250 2664 ρσυσα
270 2591 376 2667 Ἡμέρα
395 2595 545 2665 Κέφαλον,
569 2590 603 2650 ὃν
626 2593 773 2650 κάλλιστον
791 2590 948 2665 γενόμενόν
967 2612 1054 2663 φασιν
1072 2590 1131 2660 όπρ
1146 2591 1229 2665 Ἡμέ-

158 2705 212 2752 ρας
241 2681 410 2755 ἐρασθείσης
435 2681 636 2755 άρπασθήναι,
659 2686 712 2739 καί
737 2682 766 2740 οί
790 2686 882 2738 παῖδα
909 2684 1048 2753 γενέσθαι
1068 2684 1229 2739 Φαέθοντα.

158 2773 210 2827 καί
229 2770 345 2844 φόλακα
365 2769 478 2842 ἐποίησε
497 2775 548 2829 τοῦ
568 2775 650 2830 ναοῦ.
687 2774 778 2829 ταῦτα
796 2769 875 2828 ἄλλοι
892 2792 923 2826 τε
941 2772 992 2827 καλ
1006 2768 1134 2835 Ἡσίοδος
1153 2774 1227 2840 είρη-

158 2881 211 2918 κεν
232 2858 263 2918 ἐν
282 2861 362 2918 ἔπεσι
379 2869 439 2925 τοῖς
457 2861 499 2926 είς
516 2859 567 2925 τάς
586 2871 732 2932 γυναῖκας,
770 2862 845 2934 [Vid.
865 2862 902 2916 ad
921 2863 1025 2932 Theog.
1046 2862 1120 2932 986]Ι

574 3025 683 3090 CLXI.
713 3023 815 3111 (124.)

233 3147 438 3216 Harpocrat.
463 3166 489 3202 ν.
509 3150 631 3215 Μελίτη
655 3153 696 3186 -’
715 3141 805 3215 δήμιός
828 3141 886 3200 ἐστι
909 3145 959 3214 τῆς
977 3146 1164 3214 Κεκροπίὸος·
1185 3163 1231 3198 κε-

38 3218 53 3234 *
159 3234 288 3302 κλῆσθαι
306 3232 338 3289 δέ
359 3252 427 3303 φησι
445 3231 495 3289 τόν
514 3236 607 3306 δήμου
626 3229 778 3304 Φιλόχορος
798 3229 829 3289 ἒν
849 3234 928 3304 τρίτη
947 3228 1005 3288 άπό
1024 3235 1157 3300 Μελίτης,
1175 3235 1229 3285 θυ-

160 3319 264 3391 γατρός
292 3317 364 3376 κατά
393 3321 445 3394 μὲν
469 3319 600 3378 Ἡσίοδον
618 3321 789 3392 Μόρμηκος,
817 3318 890 3377 κατά
925 3319 957 3376 δὲ
983 3327 1133 3377 Μουσαῖον
1159 3323 1230 3375 Δίου

159 3411 212 3464 τοῦ
230 3405 405 3474 ’Λπόλλωνος

568 3535 695 3602 cmm.
725 3533 828 3623 (ιοο.)

234 3659 344 3714 Schol.
372 3659 516 3713 Pindari
538 3658 620 3727 Pyth.
648 3658 700 3726 IV,
726 3664 788 3713 181:
816 3653 945 3718 Ἡσίοδος
963 3656 1064 3710 Ναίδα
1087 3656 1156 3725 φησί
1179 3652 1231 3710 τόν

162 3750 294 3816 Χείρωνα
312 3749 409 3818 γήμαι.

558 3873 700 3939 υιιιιιι.
730 3870 833 3958 (ιιι.)

233 3995 406 4050 Plutaroh.
434 3995 469 4050 de
497 3996 601 4052 oracul.
629 3995 741 4050 defectu
770 3999 801 4047 11
827 3993 869 4061 (T.
895 3995 929 4048 ΙΙ.
954 4012 981 4063 p.
1006 4000 1058 4048 415
1084 3993 1128 4063 C):
1155 3989 1171 4047 ὁ
1197 3991 1229 4047 δὲ

155 4081 286 4146 Ἡσίοδος
312 4085 401 4138 οίεται
430 4082 479 4137 καί
502 4079 647 4151 περιόδοις
669 4082 724 4137 τισί
746 4077 857 4152 χρόνον
884 4083 1016 4151 γίνεσθαι
1038 4087 1098 4144 τοῖς
1117 4082 1230 4151 δαίμοσι

162 4169 214 4235 τάς
232 4167 375 4233 τελευτάς·
394 4168 470 4239 λε’γει
489 4167 543 4240 γάρ
564 4167 595 4226 ἐν
613 4172 652 4245 τῷ
671 4169 724 4239 τής
737 4171 849 4232 Ναίδος
863 4164 1009 4243 προςοόπφ,
1028 4170 1077 4224 καί
1095 4165 1146 4225 τόν
1165 4164 1229 4238 γρό-

161 4280 213 4316 νον
233 4257 439 4338 αίνιττόμενος·
