2892 4902
1144 352 1207 400 LXI

130 498 320 580 Βουλγαρίος
339 493 561 577 χαρτοφάλωιος
579 492 681 558 edoce
699 499 752 559 τοῦ
771 490 818 578 (i)
836 496 887 558 τιυὶ
904 491 1019 560 ὑπάτου
1041 501 1101 558 τῶν
1124 503 1207 576 φιλο·

129 582 238 664 σάφωυ
256 581 355 666 κάρον
375 581 520 648 Ἰωάννου
539 580 682 650 διακόνου
700 585 876 664 ττεδιοσίμου
898 587 1066 666 τεχνολογία
1089 586 1130 660 εἰς
1151 580 1206 666 τὴν

130 679 186 738 τοῦ
199 669 346 738 Ἡσιόδου
365 669 476 736 dontio
494 677 515 736 f.
535 677 674 736 67-70.
715 675 856 737 Errorcm
870 676 1075 736 Muetaellii
1087 696 1116 752 p.
1133 664 1206 751 248,

132 783 194 841 quo
230 765 379 826 adductas
418 765 493 828 duos
530 764 691 840 scriptores
721 765 816 826 fuisse
847 764 1032 826 Pediesimos
1065 765 1205 841 opinatus

133 857 216 924 erat,
245 854 370 930 egregie
397 853 563 930 refragavit
589 852 698 914 Rani„
725 873 755 929 p.
779 855 853 914 305.
899 853 1018 914 Scholia
1040 855 1204 930 paraphra-

134 943 214 1002 stica
241 941 368 1002 Diaconi
390 943 549 1002 ediderunt
572 941 802 1015 liincevellius‚
826 942 981 1016 Heinsius,
1005 943 1204 1015 Heinrichius‚
1232 1020 1236 1026 ῃ
1313 1003 1315 1008 ,

134 1029 337 1092 GaisIordius.

226 1146 292 1208 XX.
336 1146 449 1207 Eodem
477 1145 542 1230 fere
571 1149 707 1222 tempore
738 1145 860 1222 scripsit
889 1146 909 1204 J
915 1164 1049 1206 oannes
1080 1146 1206 1206 Proto-

135 1235 355 1311 spatharius
373 1235 622 1295 commentarium
638 1235 797 1312 physicum
815 1234 848 1294 in
865 1232 989 1294 Hesiodi
1002 1227 1131 1314 Ἡμέρας
1146 1236 1165 1293 i.
1181 1255 1206 1296 a.

133 1325 171 1384 in
194 1321 285 1400 Oper.
308 1327 339 1384 et
361 1323 442 1386 Dier.
464 1343 491 1382 v.
516 1325 706 1401 seo-828,
734 1343 824 1401 quem
853 1343 869 1383 e
897 1323 997 1383 codice
1024 1323 1207 1383 Tricliniano

134 1413 270 1490 primum
299 1412 392 1472 edidit
425 1412 709 1486 Trincavellius‚
751 1415 855 1472 nostro
891 1413 1010 1472 saeculo
1041 1411 1208 1472 Gaisfor·

134 1502 220 1560 dius
242 1521 273 1578 p.
296 1503 361 1560 448
384 1520 445 1576 seq.
469 1501 514 1560 ed.
537 1501 619 1578 Lips.

229 1615 309 1677 XXI.
345 1615 482 1675 Exeunte
501 1616 614 1677 decimo
633 1616 723 1676 tertio
743 1616 861 1675 sacculo
884 1615 1030 1675 Menuel
1048 1615 1207 1675 Moscho-

136 1706 249 1782 pulus
279 1703 469 1766 Cretensis
496 1711 589 1764 uenas
618 1708 710 1780 atque
737 1704 841 1764 futiles
871 1703 1145 1764 animadversiones
1169 1704 1208 1764 ad

136 1793 240 1870 Opere
263 1797 295 1854 et
318 1794 389 1853 Dies
413 1794 593 1869 composuit,
622 1812 698 1868 quae
725 1793 814 1852 hodie
838 1795 942 1852 extem
964 1791 997 1851 in
1019 1792 1119 1853 codice
1143 1793 1208 1852 Tri·

136 1883 268 1944 cliniano
292 1885 323 1942 et
345 1882 378 1941 in
400 1882 468 1942 aliis
496 1881 578 1942 codd.
602 1881 832 1941 Publicaverant
856 1881 1087 1956 Trincsvellius‚
1116 1881 1208 1941 Hein-

137 1971 220 2044 sius,
253 1970 450 2031 Gaisfordius.
501 1970 610 2031 Maiori
640 1973 714 2030 natu
742 1969 874 2028 Menueli
906 1969 1100 2047 Moschopulo
1133 1971 1207 2030 haec

138 2061 254 2120 scholia
280 2060 458 2119 tribuuntur
485 2059 517 2118 in
544 2060 607 2120 cod.
637 2059 752 2121 MatrIt.
780 2058 889 2117 LXXV
912 2078 939 2122 a.
964 2061 1051 2119 1334
1074 2062 1206 2132 exarato,

136 2150 172 2208 in
194 2168 254 2224 quo
276 2149 350 2207 heco
373 2147 544 2223 subscripta
572 2150 655 2207 sunt:
682 2143 761 2218 τέλος
787 2149 840 2207 τοῦ
862 2139 987 2224 doridos
1011 2143 1208 2227 ἕξηγηθέοτος

54 2245 60 2254 “
136 2230 221 2316 παρά
244 2239 298 2296 τοῦ
328 2230 501 2314 σοφωτάτου
526 2233 575 2296 καὶ
593 2230 769 2316 λογιωτάτου
788 2238 882 2314 τυροῦ
905 2229 1039 2314 porcarii
1061 2238 1114 2297 τοῦ
1136 2230 1208 2314 τρή-

137 2347 199 2404 της.
246 2318 296 2405 (V.
326 2325 426 2385 Iriart.
456 2345 485 2400 p.
516 2319 605 2406 272).
657 2325 781 2398 MinorI,
812 2323 921 2400 prioris
958 2325 1104 2400 patrueli,
1135 2325 1208 2384 dant

138 2414 255 2475 sabella
273 2415 381 2474 codicis
401 2413 589 2474 Tricliniani:
612 2417 664 2474 τοῦ
688 2405 861 2490 σοφωτάτου
884 2409 934 2471 aul
956 2405 1133 2491 λογιωτάτου
1155 2434 1208 2472 τιυ-

137 2502 207 2582 ρίου
226 2495 378 2582 Μυνουὴλ
400 2505 453 2562 τοῦ
472 2496 695 2581 Μοσχοττοάλου
714 2495 844 2577 άυεψιοῦ
866 2502 919 2560 τοῦ
941 2494 1050 2579 τρήτης
1074 2495 1208 2581 ἐξήγησις

139 2587 193 2671 (cf.
217 2592 354 2652 Trinoav.
377 2611 405 2666 p.
431 2583 474 2672 1).
537 2591 683 2651 Maiorem
709 2592 811 2649 autem
837 2590 1067 2664 grammaticum
1095 2590 1209 2650 scholia

139 2681 343 2755 composuisse
363 2680 510 2740 evincitur
528 2699 565 2739 ex
582 2680 620 2739 N.
640 2679 751 2738 Titzii
773 2677 928 2754 praeclare
950 2678 1136 2756 dissertione,
1160 2677 1208 2738 cui

138 2769 266 2829 titulum
293 2769 459 2846 inscripsit:
487 2767 636 2828 Manuclis
663 2766 854 2843 Moschopuli
882 2765 1034 2827 Cretensis
1064 2767 1208 2844 opuscula

138 2859 341 2934 grammatice
363 2878 391 2933 p.
415 2859 435 2916 4
459 2876 519 2933 seq.
565 2849 700 2938 (Lipsiae
727 2849 834 2936 1822).

231 2964 327 3024 XXII.
367 2964 459 3024 initio
490 2965 602 3025 saeculi
629 2965 731 3042 quarti
760 2963 867 3022 decimi
894 2963 970 3022 vixit
998 2963 1207 3023 Demetrius

141 3053 362 3128 Triclinius‚
396 3053 544 3113 diffamati
575 3053 703 3113 nominis
735 3051 969 3128 grammaticus,
1005 3053 1057 3129 qui
1088 3055 1209 3128 praeter

140 3142 307 3202 Pindarum
335 3145 366 3201 et
393 3141 570 3218 Sophoclem
597 3142 689 3201 etiam
716 3140 841 3201 Hesiodi
875 3140 1057 3200 carminibus
1086 3141 1209 3202 navavit

140 3249 274 3306 operam.
320 3229 505 3308 Conscripsit
528 3231 659 3292 codicem
682 3230 755 3291 Ver.
779 3231 844 3289 464
868 3249 895 3290 a.
921 3231 1148 3303 1316-1320,
1172 3229 1209 3288 de

141 3338 202 3396 quo
236 3312 316 3378 infra
346 3319 490 3393 diximus,
527 3323 558 3380 et
592 3318 804 3379 commentario
838 3318 1028 3394 'theogoniae
1060 3318 1212 3396 adspersit

141 3408 258 3468 scholia
284 3409 395 3484 partim
423 3427 459 3468 ex
485 3409 532 3470 Jo.
561 3407 684 3468 Diaconi
710 3407 874 3484 Allegoriis
901 3407 1067 3483 descripta,
1097 3408 1209 3484 partim
1293 3397 1295 3408 ’

139 3497 238 3572 ipsius
265 3497 387 3576 ingenio
414 3515 474 3558 non
501 3497 638 3573 indigna,
671 3515 748 3572 quae
777 3497 920 3556 Heinsius
951 3493 1208 3573 Gaisiordiusque,

141 3586 202 3646 etsi
225 3584 362 3645 Triolinii
383 3604 475 3646 manu
498 3585 593 3646 crucis
617 3585 703 3661 signo
725 3587 831 3645 notata
854 3587 950 3659 erant,
980 3587 1135 3665 tamquam
1158 3603 1210 3660 ge·

139 3674 234 3734 nuina
264 3678 296 3734 et
322 3677 427 3735 vetere
454 3675 577 3751 reliquis
614 3674 796 3735 adiecerunt.
849 3673 986 3734 Seiunxit
1016 3672 1209 3734 Morellius
1314 3667 1320 3680 ⁸

140 3763 173 3822 in
196 3763 288 3824 Wolf.
311 3764 389 3824 anal.
411 3763 456 3824 lit.
479 3763 534 3822 III.
561 3784 589 3839 p.
613 3765 678 3823 263
703 3783 765 3840 seq.
811 3762 896 3832 Quae
917 3762 1044 3822 adaucte
1067 3762 1209 3822 subsidiis

47 3843 55 3856 '
140 3853 205 3912 cod.
229 3851 360 3913 Vindob.
391 3854 468 3926 128,
495 3853 527 3911 in
554 3872 613 3930 quo
635 3852 686 3912 fol.
713 3854 885 3914 115—121
912 3845 1011 3930 σχόλια
1034 3845 1145 3912 παλαιά
1168 3850 1210 3924 εἰς

123 3934 194 4020 τὴν
212 3933 358 4001 Ἡσιόδου
385 3941 563 4021 θεογονίαν,
591 3939 624 4000 ἒυ
651 3933 695 4012 οἷς
722 3939 777 4000 εἰσι
799 3937 851 3999 καὶ
872 3939 1044 4018 Δημητρίου
1067 3943 1119 4002 τοῦ
1144 3943 1209 4020 Τρι-

139 4030 256 4092 κλιυίου
280 4024 395 4109 μερικά,
424 4034 455 4089 et
482 4030 544 4092 cod.
568 4030 647 4089 Mon.
673 4031 750 4104 283,
778 4030 862 4088 cuius
886 4028 1018 4104 margini
1041 4031 1096 4089 sub
1119 4029 1209 4089 titulo

144 4119 317 4198 Τριτλιυίου
341 4112 442 4196 σχόλια
464 4119 617 4195 adscripta
640 4122 717 4192 suut
741 4118 924 4194 minutisque
947 4117 1045 4177 literis
1068 4136 1210 4194 expresse

138 4209 234 4270 edidit
258 4207 380 4268 Flach.
402 4227 431 4284 p.
456 4210 518 4268 207
544 4226 604 4284 seq.
1234 4275 1237 4280 ¹

226 4314 344 4376 XXIII.
381 4313 504 4375 Saeculo
523 4315 637 4375 decimo
656 4316 764 4392 quarto
784 4315 903 4391 scripsit
921 4315 1014 4374 etiam
1033 4313 1208 4373 Maximus
