2892 4902
244 322 294 368 XX

244 466 326 548 ἔσχεν
349 461 389 542 ὥς
411 463 502 550 γνούς
525 461 577 528 ἀπ’
607 462 699 548 ἀρχῆς
726 466 776 528 καὶ
800 464 1024 549 συνεπικρύψας
1049 463 1081 531 τὸ
1105 464 1237 578 ἀδίκημα
1259 496 1316 578 μη-

245 551 376 631 δενδς
354 580 397 664 ρον
420 557 526 634 αἴτιος,
550 550 661 664 ἀρχῆς
665 553 697 616 δὲ
720 561 812 642 καιρῶ
835 556 885 618 καί
913 558 1037 641 διαβολῇ
1060 553 1226 639 περιπεσὼν
1249 554 1316 620 ἀδί-

244 669 312 719 κως.
349 640 523 707 ἀπέκτειναν
546 639 601 726 χάρ
625 639 716 706 αὐτὸν
739 647 823 706 οῖ’
788 669 840 725 της
862 647 1020 755 παιδίσκης
1045 642 1170 727 ἀδελφοὶ
1193 647 1260 729 περὶ
1282 644 1314 711 τὸ

245 729 397 844 Λοκρικὸν
410 732 541 842 Νέμειον
560 729 781 814 ἐνεδρεύσαντες
798 733 848 795 καὶ
866 731 925 814 μετ’
947 730 1041 796 αὐτοῦ
1063 730 1116 798 τὸν
1134 731 1315 816 ἀκόλουθον,

245 813 484 933 ᾦΤρύϊλος
465 847 505 903 ην
537 819 644 902 ὄνομα
674 827 733 884 τῶν
763 821 796 884 δὲ
827 819 972 935 σωμάτων
1001 825 1043 898 εἰς
1074 819 1128 903 τὴν
1159 821 1316 886 θάλασσαν

245 887 403 974 ὠσθέντων
430 906 462 974 td
492 909 546 990 μέν
572 915 625 973 τού
651 912 835 991 Τρωΐλου’
809 935 851 986 εις
878 907 930 974 τὸν
953 907 1088 1022 Δάφνον
1104 909 1314 992 ποταμὸνω
1259 913 1314 987 ἔξω

244 996 410 1080 φερόμενον
433 999 576 1080 ἐπεσχέθη
600 996 776 1113 ηερικλύστφ
800 996 917 1081 χοιράδι
940 1025 1046 1108 μικρρν
1071 995 1146 1081 ὑπὲρ
1172 997 1228 1081 τὴν
1256 996 1315 1064 θά-

244 1096 355 1151 λασσαν
372 1085 569 1199 ἀνεχούσῃ,
572 1088 622 1150 καὶ
649 1088 732 1197 μέχρι
758 1093 816 1151 νῦν
847 1083 1019 1169 Tooii'tog‘
1002 1114 1021 1169 η
1046 1085 1151 1197 χοιρὰς
1179 1096 1316 1152 καλεῖται.

243 1183 296 1241 τοῦ
321 1175 353 1240 δὲ
372 1172 514 1240 Ἡσιόδου
541 1172 594 1240 τὸν
620 1173 727 1258 νεκρὸν
757 1172 890 1250 εύθδς’
873 1173 933 1239 απὸ
961 1182 1016 1286 χῆς
1038 1173 1231 1258 ὑπολαβοῦσα
1255 1181 1316 1241 δελ·

245 1267 346 1347 φίνων
368 1262 457 1348 ἀγέλη
480 1261 555 1347 πρὸς
577 1261 608 1329 τὸ
628 1261 745 1328 εῬίον
731 1262 847 1345 εκόμισε
869 1265 920 1326 καί
941 1260 996 1346 τὴν
1015 1269 1203 1378 Μολυμρίαν.
1212 1264 1316 1373 ἐτύχ-

244 1379 326 1465 χανε
338 1353 371 1417 δὲ
385 1349 555 1436 Λοκροῖς
538 1381 558 1461 η
581 1360 641 1416 τῶν
649 1349 745 1416 Ρίων
760 1359 934 1463 resecrare
951 1357 1045 1417 θυσία
1067 1354 1117 1416 καί
1139 1351 1316 1465 πανήγυρις,

244 1470 284 1554 ημ
306 1437 432 1527 ἀγουσιν
455 1444 496 1506 ἔτι
519 1447 587 1519 νῦν,
612 1447 784 1524 περιφανῶς
806 1442 873 1523 περὶ
895 1437 947 1505 τὸν
969 1440 1062 1506 τόπον
1085 1439 1299 1556 6aefvpv⁸l,6
1275 1471 1317 1518 ως

245 1529 273 1595 δ’
300 1530 393 1643 ὤφθη
411 1524 654 1613 προςφερύμενον
676 1527 708 1593 τὸ
728 1535 824 1610 σῶμα,
847 1527 1112 1613 θαυμάσαντες,
1092 1557 1131 1606 ως
1152 1529 1244 1612 εἰκός,
1267 1532 1317 1596 ε’πὶ

243 1647 299 1702 την
322 1617 415 1702 ἀκτην
428 1621 621 1728 κατέδραμον
648 1619 698 1681 καί
721 1622 916 1702 γνωρίσαντες
939 1645 980 1682 ετι
1002 1618 1175 1703 πρόσφατον
1198 1618 1318 1730 νεκρόν,

244 1707 361 1774 ἅπαντα
384 1707 505 1791 δεύτερα
527 1714 580 1771 τοῦ
603 1703 749 1788 ζητεῖν
721 1733 773 1770 τον
792 1705 890 1787 φόνον
909 1709 1063 1773 ἐποιοῦντο
1083 1705 1182 1771 διά
1150 1734 1205 1791 την
1224 1707 1316 1786 δόξαν

243 1805 296 1908 τρῦ
314 1795 470 1862 Ησιόδου·
503 1797 661 1860 καὶτοῦτο
685 1795 739 1875 μὲν
761 1796 870 1906 ταχέως
893 1793 1064 1881 ἕπραξαν9).
1090 1831 1128 1842 -·
1154 1795 1264 1874 αύτούς
1285 1823 1316 1862 τε

244 1883 301 1971 χάρ
319 1884 530 1951 κατεπόντισαν
553 1880 681 1959 ζῶντας1
682 1879 708 1968 ⁰)
733 1881 834 1946 aul
804 1911 859 1994 την
878 1888 975 1948 οἰκίαν
993 1886 1189 1966 κατέσκαψαν
1222 1884 1315 1995 ἐτάφη

246 1975 278 2040 δὲ
301 1972 439 2050 Ἡσίοδος
467 1970 541 2056 πρὸς
568 1979 608 2060 τῷ
636 1975 768 2083 Νεμείῳ·
800 1971 852 2037 τδν
880 1973 912 2038 δὲ
941 1971 1037 2055 τάφον
1065 1978 1096 2038 οἱ
1120 1976 1223 2040 πολλοὶ
1256 1982 1316 2039 τῶν

153 2102 156 2108 .
245 2065 338 2141 ξένων
367 2061 423 2128 οὐκ
449 2065 563 2140 ἴσασιν,
589 2037 654 2123 ἀλλ’
685 2058 915 2144 ἀποκέκρυπται,
943 2060 1161 2146 ζητούμενος“
1145 2062 1197 2128 υπ’
1218 2061 1316 2146 Ὀρχο-

245 2157 354 2235 μενίιον
377 2178 403 2215 κ.
417 2177 440 2214 τ
454 2159 479 2214 λ
516 2155 631 2213 Eodem
653 2157 721 2229 pert
708 2154 784 2212 tinet
806 2155 934 2215 Alcaei
957 2157 1097 2216 Messenii
1122 2157 1315 2234 epigramma,

246 2247 324 2322 quod
348 2262 440 2319 supra
462 2243 663 2302 laudavimus.
700 2241 765 2301 Hac
787 2247 850 2302 tam
873 2243 1089 2306 honorificam
1111 2246 1178 2305 luco
1201 2246 1316 2304 Nemeo

246 2335 404 2410 sepultura
432 2332 587 2408 praeclare
616 2331 737 2390 videtur
763 2331 888 2392 indicari
915 2353 970 2410 pro
999 2335 1088 2393 heroe
1116 2334 1316 2395 Locrensibus

246 2428 277 2484 et
299 2421 423 2482 Boeotis
446 2421 540 2480 fuisse
563 2419 737 2479 Hesiodum.
774 2421 865 2481 Recte
889 2424 968 2481 enim
990 2422 1141 2483 Lobeclr.
1165 2423 1315 2499 Aglaoph.

245 2533 274 2589 p.
300 2513 378 2570 281:
407 2509 554 2586 „Pythia
582 2508 816 2585 quotiescunque
839 2511 976 2571 civitates
999 2513 1092 2585 fame,
1116 2512 1195 2571 bello
1218 2512 1316 2570 aliove

246 2600 327 2659 malo
355 2617 478 2673 pressae
506 2597 607 2656 divina
635 2597 758 2658 consilia
780 2602 930 2674 peterent,
958 2602 1049 2660 toties
1073 2601 1167 2659 ferme
1190 2601 1315 2659 heroum

247 2707 317 2750 ossa
337 2687 463 2746 condere
486 2686 518 2744 in
537 2686 599 2744 suis
617 2685 726 2747 finibus
744 2689 793 2747 vel
816 2689 876 2748 iam
900 2690 1027 2749 conditis
1051 2687 1168 2746 debitos
1186 2687 1315 2746 honores

246 2777 373 2836 reddere
400 2769 517 2834 iussit.“
559 2774 663 2851 Neque
691 2776 817 2837 Hesiodi
844 2797 877 2837 οο
907 2779 972 2837 loco
999 2777 1156 2834 immemor
1182 2772 1242 2831 fuit
1270 2773 1317 2830 vir

248 2863 448 2925 doctissimus.
484 2861 657 2938 Comparari
678 2864 790 2941 optime
808 2866 921 2941 poterit
942 2863 1048 2924 fabula
1066 2863 1103 2919 de
1120 2861 1207 2933 Lino,
1232 2858 1317 2919 cuius

249 2949 309 3013 duo
333 2951 514 3011 exstiterunt
542 2953 691 3028 sepulcra,
719 2955 848 3014 alterum
872 2953 977 3028 Argis,
1001 2949 1113 3008 Thebis
1137 2948 1168 3008 in
1190 2947 1316 3008 Boeotia

248 3043 390 3113 alterum,
417 3058 472 3099 nec
500 3041 557 3100 erit
579 3041 749 3119 quisquam,
778 3042 829 3117 qui
852 3041 888 3098 de
911 3039 986 3097 Lino
1009 3039 1100 3096 heroe
1124 3037 1248 3097 dubitet.
1272 3069 1314 3080 -

248 3130 415 3190 Amoenam
433 3129 470 3188 de
489 3130 595 3190 avibus
614 3132 750 3207 sepulcro
769 3128 979 3189 advolantibus
998 3126 1133 3184 fabulam
1155 3127 1316 3186 memoriae

248 3218 381 3296 prodidit
394 3217 535 3280 Lucian.
550 3221 586 3279 de
600 3222 697 3279 morte
711 3216 868 3293 Peregrini
881 3214 936 3274 ΙΙΙ.
946 3234 975 3289 p.
986 3217 1048 3274 361
1064 3215 1109 3275 οδ.
1124 3215 1215 3275 licia:
1234 3215 1316 3286 τίνας

250 3304 282 3368 δέ
295 3300 430 3385 κορύνας
448 3300 503 3368 οὐκ
521 3302 743 3386 ἐπιπτήσεσθαι,
761 3297 898 3380 καθάπερ
917 3299 965 3362 ἐπὶ
982 3296 1035 3364 τὸν
1048 3296 1190 3365 Ἡσιόδου
1204 3298 1315 3382 τάφους

320 3512 347 3579 8)
366 3510 479 3566 Festum
497 3513 670 3566 Ariadneum
689 3507 795 3564 audit
786 3525 817 3560 m
835 3507 930 3563 codice
950 3508 1069 3564 Gentem
1087 3527 1114 3579 p.
1135 3516 1203 3577 367,
1223 3516 1247 3576 9,
1266 3509 1317 3562 ubi

249 3600 275 3637 v.
296 3581 388 3636 adnot.
409 3582 602 3651 (Westermp
605 3587 668 3647 ,42
683 3581 740 3648 33).
769 3575 809 3640 εἰς
823 3581 990 3635 Ποσειδῶνα
1004 3575 1142 3651 ἀσεβηοαι
1155 3580 1316 3635 interfecto·

249 3670 292 3707 res
315 3653 425 3707 addidit
445 3653 610 3709 Pausanias
646 3650 746 3718 Itaque
771 3665 826 3702 non
848 3649 988 3707 immerito
1006 3651 1122 3707 Flach
1141 3652 1159 3705 l.
1178 3651 1196 3708 l.
1215 3669 1243 3721 p
1263 3654 1315 3705 465
1370 3715 1373 3722 ,

250 3723 373 3779 diversas
382 3724 468 3780 fuisse
481 3723 594 3778 fabulas
608 3721 765 3790 suspicatus
783 3722 826 3774 est
827 3739 964 3790 ,quarum
978 3724 1020 3778 alt
1008 3727 1069 3778 tera
1078 3721 1179 3776 Aulide
1198 3721 1318 3776 oriunda

250 3798 280 3848 et
297 3794 334 3848 ad
352 3796 504 3850 Locrenses
519 3793 656 3862 Opuntios
670 3793 816 3861 spectante
827 3763 864 3847 de
882 3793 954 3848 festa
971 3795 1111 3848 Ariadnae
1129 3792 1175 3847 die
1193 3793 1317 3873 fugaquq

249 3865 381 3921 interfect
369 3869 460 3921 torum
493 3865 524 3918 in
550 3863 662 3917 Cretam
689 3862 810 3918 insulam
835 3865 944 3919 tentata
973 3868 1003 3919 et
1025 3881 1117 3933 poena
1140 3865 1175 3918 de
1202 3861 1317 3918 nefariis

250 3936 338 3991 ediis
366 3935 490 3992 exercita
552 3937 659 4002 eretur,
685 3933 777 3989 altera
794 3935 830 3989 ab
850 3935 997 3990 Ozolarum
1015 3935 1116 3989 finibus
1135 3933 1263 4003 profecta
1281 3933 1317 3990 de

250 4007 369 4063 solemni
386 3951 577 4088 Neptuniadie
596 3975 681 4074 atqde
698 4005 800 4061 iusta
791 4023 917 4075 ipsorum
935 4006 1089 4061 incolarum
1108 4005 1224 4060 ultione.

321 4081 349 4148 9)
370 4077 475 4132 Canem
502 4075 618 4130 Hesiodi
646 4077 783 4132 detexisse
815 4077 1003 4145 Ganyctorem
1032 4078 1062 4131 et
1089 4075 1318 4145 Amphiphanem

250 4148 443 4204 traditPlut.
463 4146 498 4201 de
517 4147 611 4202 solert
630 4147 714 4203 anim
735 4155 776 4218 13,
796 4155 839 4203 36.
875 4148 909 4202 V
929 4148 1058 4202 Polluc.
1079 4147 1178 4202 Onom.
1196 4147 1231 4213 V,
1250 4153 1275 4200 5

325 4224 369 4288 10)
387 4219 605 4299 σφαχιασθηναι
618 4223 700 4282 θεοῖς
713 4227 772 4282 τοῖς
786 4213 918 4285 ξενίοις
902 4215 960 4274 vad
976 4212 1157 4287 Εύρυκλέους
1175 4217 1226 4271 τοῦ
1246 4211 1317 4286 μοίν-

252 4310 323 4352 τεως
340 4287 429 4344 tradit
446 4293 544 4345 auctor
564 4290 634 4346 Cert.
653 4309 680 4361 p.
701 4297 762 4358 367,
782 4297 823 4346 17.
