2892 4902
1174 344 1223 390 XV

156 489 171 553 d
196 486 292 570 πατὴρ
320 487 412 554 αὐτοῦ
436 496 509 565 Δῖος
532 487 697 577 μετῴκησεν
725 491 766 564 εἰς
789 484 940 562 Βοιωτοὺς
962 482 1073 569 Κύμην
1097 489 1226 550 Αἰολίδα

155 575 321 659 προλιπών·

246 680 373 747 νάσσατο
397 681 425 746 δ’
451 679 521 768 ἄγχ’
538 681 698 759 Ἑλικῶνος
721 682 823 768 ditum}
846 683 891 746 ἐνὶ
913 680 998 766 κόμῃ

240 771 364 856 Ἄσκρῃ,
387 782 472 855 χεῖμα
495 779 584 858 κακῇ,
607 773 690 854 θέρει
712 769 854 856 ἀργαλέῃ,
879 768 950 836 οὐδέ
972 768 1037 834 ποτ’
1063 771 1163 855 ἐσθλῇ.

150 877 281 962 ’Όμηρος
305 875 330 940 d'
360 871 415 960 οὗχ
438 875 689 963 ὁμολογουμένως.
721 879 824 943 πολλοὶ
845 876 901 962 γὰρ
920 876 1157 960 ἀμφισβητοῦσιν
1176 874 1226 940 αὖ.

158 974 219 1031 τοῦ.
264 972 403 1046 Ephorus
432 975 534 1031 autem
558 970 721 1048 Cumaeus,
749 975 784 1030 ut
812 971 929 1047 patriae
953 989 1025 1030 suae
1048 970 1225 1043 consuleret,

158 1080 235 1137 quae
254 1079 273 1118 a
290 1065 449 1136 poetarum
466 1060 660 1119 multitudine
680 1063 710 1118 et
732 1060 918 1136 praestantia
936 1078 1042 1136 parum
1065 1058 1226 1118 honorifice

158 1149 301 1208 audiebat
329 1140 370 1229 (v.
398 1149 585 1208 Westerm.
613 1150 633 1209 l.
656 1149 676 1207 l.
700 1169 727 1224 p.
753 1152 808 1222 21,
837 1148 950 1222 Ephori
978 1149 1016 1209 fr.
1045 1149 1090 1206 ed.
1119 1148 1226 1206 Marx.

158 1258 186 1313 p.
203 1239 276 1310 267,
300 1238 441 1300 Mdller.
463 1239 500 1297 fr.
523 1237 593 1296 hist.
616 1237 640 1297 Ι.
664 1257 692 1312 p.
708 1230 800 1317 277),
824 1236 988 1296 Hesiodum
1012 1238 1043 1296 et
1062 1236 1227 1295 Homerum

160 1326 306 1386 Cumaeos
333 1325 431 1402 finxit,
460 1326 547 1385 finxit
574 1326 665 1384 Dium
689 1325 812 1385 Hesiodi
836 1328 966 1402 patrem,
994 1325 1147 1401 idemque,
1176 1319 1228 1399 qui

159 1415 248 1473 Dium
275 1415 375 1490 finxit,
407 1415 600 1492 Pycimsden,
633 1413 783 1490 Apollinis
816 1413 923 1489 filiam,
956 1414 1006 1472 Dii
1032 1432 1168 1484 uxorem,
1202 1411 1228 1470 si

160 1521 222 1562 uon
244 1503 365 1562 finxisse
388 1504 521 1575 omnino,
549 1506 630 1562 certe
653 1502 806 1562 stemmati
829 1501 978 1562 Hesiodeo
1005 1501 1145 1560 intulisse
1173 1521 1228 1576 pu-

160 1593 271 1650 tandus
300 1585 382 1670 esc).
430 1584 479 1670 (V.
503 1591 610 1650 Vellei.
638 1591 753 1650 Petere.
777 1591 839 1649 1.1.
877 1589 953 1650 Vel.
982 1590 1094 1649 Probi
1121 1607 1228 1664 comm.

161 1679 199 1737 ad
226 1679 318 1755 Verg.
345 1679 408 1738 Hel.
436 1679 487 1752 IV,
516 1681 546 1738 4.
578 1680 623 1738 ed.
650 1677 726 1738 Keil.
753 1699 781 1754 p.
811 1681 838 1738 9.
886 1679 970 1739 Lion.
996 1698 1025 1753 p.
1051 1669 1138 1758 350).
1184 1677 1229 1736 Ac

161 1769 227 1826 iure
257 1769 386 1843 quodam
413 1767 565 1852 gentilicio
594 1766 759 1826 Hesiodum
787 1767 908 1844 quidem
936 1767 1037 1843 potuit
1064 1764 1229 1824 Cumaeum

162 1855 272 1928 dicere,
292 1856 372 1932 quod
390 1854 542 1930 iriterdum
561 1856 640 1916 eires
651 1856 841 1915 'coloniarum
855 1856 947 1915 etiam
961 1855 1134 1930 metropolis
1149 1855 1228 1914 cives

161 1944 233 2005 dieti
261 1948 339 2005 sunt.
385 1945 421 2003 V.
450 1945 613 2004 Mueller.
641 1938 711 2003 Dor.
739 1945 762 2004 l.
790 1965 818 2020 p.
845 1947 917 2005 122.
964 1942 1104 2004 Ceterum
1133 1962 1229 2019 neque

161 2032 285 2110 Agonis
301 2036 456 2093 auctorem
478 2053 575 2110 neque
599 2031 762 2092 Characem
785 2052 803 2092 a
825 2034 931 2094 Proclo
959 2052 1029 2092 vere
1052 2031 1229 2092 dissensisse
1329 2061 1341 2080 κ

161 2126 247 2198 puto,
282 2122 334 2182 sed
347 2126 524 2198 ,utrumque
552 2141 619 2182 cum
646 2122 753 2182 Proclo
782 2125 908 2181 stemma
940 2122 978 2181 ab
1010 2121 1131 2196 Ephoro
1164 2139 1230 2180 con-

162 2211 275 2270 fectum
299 2212 432 2271 secutum
457 2230 531 2270 esse.
576 2210 712 2274 Primum
736 2210 815 2269 enim
838 2211 1029 2286 perspicuum
1053 2212 1112 2282 est,
1140 2227 1228 2284 quam

162 2299 416 2374 rauracense,
435 2293 487 2374 qui
506 2277 616 2376 detrusi
634 2299 672 2358 ab
691 2301 813 2358 auctore
828 2299 958 2374 Agonis,
981 2298 1053 2357 orm
1070 2318 1106 2358 ιι
1120 2300 1234 2356 arur

162 2388 308 2463 potuerit,
336 2407 354 2444 e
381 2407 439 2462 quo
471 2406 532 2448 non
567 2387 669 2445 differt
694 2386 786 2445 Dorio
814 2386 922 2446 Procli.
968 2387 1024 2446 Hio
1060 2387 1230 2445 enimcum

164 2471 335 2576 scripsisset
361 2477 413 2534 τοῦ
436 2476 501 2552 Apri
524 2475 577 2533 τοῦ
596 2465 740 2564 Ὀρφέως,
769 2474 860 2548 alius,
888 2474 939 2548 qui
962 2475 1017 2533 hoc
1040 2473 1231 2548 describeret,

165 2613 378 2622 ——-——....

237 2679 265 2748 5)
284 2677 326 2732 Ne
345 2659 480 2731 hedierno
501 2676 621 2753 quidem,
634 2661 761 2746 tempore
785 2677 949 2744 defuerunt,
968 2678 1016 2748 qui
1035 2695 1099 2732 cum
1118 2679 1230 2731 Ruhn-

164 2749 267 2804 keuio
296 2752 324 2803 et
352 2747 504 2817 Spoh'nio
533 2743 761 2819 Operuiir'versu
784 2754 836 2802 299
861 2747 932 2802 Δίον
952 2749 1033 2818 γένος
1052 2766 1086 2802 ex
1105 2751 1167 2802 δῖον
1186 2746 1231 2817 νέ-

164 2840 213 2882 νος
239 2836 298 2874 esse
324 2817 520 2888 corrigendum
547 2819 575 2872 et
600 2813 684 2872 Dlhm
709 2837 760 2889 pro
786 2820 865 2888 patre
896 2819 1011 2874 Hesiodi
1037 2819 1232 2888 accipiendum

165 2891 366 2956 fabularentur,
385 2889 459 2944 inter
472 2903 547 2962 :quos
566 2888 654 2943 etiem
672 2889 928 2959 Bernhardyum
952 2891 1007 2946 Lit.
1027 2890 1073 2946 Gr.
1092 2891 1113 2944 I.
1131 2907 1159 2959 p.
1180 2895 1231 2944 156

166 2965 196 3034 et
218 2960 405 3030 Bergkium
431 2961 450 3013 l.
467 2960 497 3032 l.
518 2979 545 3029 p.
569 2964 702 3026 919not.
726 2961 811 3016 fnisse
835 2977 901 3015 eene
925 2961 1042 3016 mireris.
1079 2961 1178 3030 Neque
1196 2959 1231 3014 de

165 3032 254 3102 patris
268 3031 315 3085 Dii
326 3047 416 3100 neque
432 3031 466 3084 de
482 3030 581 3107 matris
592 3031 944 3100 Pyoimedee'nominibus,
964 3035 1068 3088 temere
1088 3032 1123 3086 ab
1143 3031 1231 3085 histo-

165 3103 231 3157 ricis
249 3102 384 3167 inventis,
411 3101 480 3168 faeti
497 3107 604 3174 'sumus
628 3097 780 3177 certiorem,
809 3101 842 3157 V.
871 3102 1015 3158 Lobeck.
1044 3103 1183 3172 Aglaoph.
1210 3102 1231 3156 Ι.

168 3193 196 3243 p.
215 3179 276 3228 326.
295 3173 410 3227 Flaeh.
427 3173 448 3225 l.
468 3173 485 3226 l.
504 3181 534 3240 p.
549 3177 603 3244 ,457
623 3189 693 3242 seq.¹
717 3173 868 3228 Plutarcho
888 3173 962 3228 enim
981 3171 1015 3228 et'
1028 3174 1127 3229 Proclo
1146 3191 1231 3227 unam

166 3244 255 3302 solam
280 3244 430 3298 lectionem
456 3244 530 3296 dhre.
544 3241 638 3312 ditos*
651 3245 792 3312 cognitam
818 3244 915 3312 fuisse,
942 3262 977 3298 ex
1000 3245 1107 3299 scholio
1129 3264 1155 3299 r.
1179 3249 1232 3298 299

167 3315 307 3384 adscripto
320 3317 421 3382 patet:
448 3311 491 3382 τὸΙ
504 3312 674 3392 <idomenus
695 3315 788 3382 δηλοῖ,
810 3308 828 3382 ἢ
853 3309 898 3370 ὅτι
915 3318 998 3377 θεοῖς
1016 3311 1162 3402 detergeo
1180 3311 1232 3382 τὴν

166 3384 278 3455 γένεσιν
298 3383 349 3452 (εἰς
368 3379 422 3453 γὰρ
438 3378 542 3452 Ὀρφέα
562 3379 791 3454 κοὶϊΚάλίιόπην
810 3381 841 3440 τὸ
863 3386 944 3455 γένος
963 3381 1091 3456 ἀνῆγον),
1111 3407 1128 3454 η
1150 3380 1232 3452 οὐμε-

167 3451 349 3581 euru
363 3441 805 3595 ererueirsrulu
823 3450 1230 3582 rerumrerum

166 3598 269 3651 tendus
288 3599 343 3652 est:
363 3597 472 3664 „Sehon
488 3597 577 3650 dieso
609 3568 740 3654 “benten
758 3598 965 3668 Logographen
984 3546 1062 3665 (odil
1076 3545 1233 3652 Historiler

167 3684 218 3722 vor
242 3667 394 3738 Herodot)‚
420 3669 474 3722 wie
492 3607 670 3750 Hellaggos,
696 3667 872 3737 Bherekydes
895 3670 952 3724 und
970 3669 1117 3724 Damastes
1141 3669 1234 3723 haben

169 3737 278 3792 allerlei
301 3738 388 3792 durch
413 3737 458 3795 die
478 3737 625 3802 Traditmn
648 3737 827 3804 iiberlieferte
846 3741 954 3795 Numen
978 3759 1013 3794 zu
1036 3740 1233 3795 umlassenden

168 3807 375 3876 Genealogieen
393 3809 544 3878 vereinigt,
558 3809 597 3870 in
620 3805 747 3864 welchen
771 3810 816 3865 die
835 3811 935 3865 beiden
954 3809 1070 3866 Dichter
1088 3810 1232 3865 dieselben

168 3880 269 3933 Ahhe'n
292 3880 434 3945 erhdlten,
460 3879 532 3936 τ.’Β.
552 3889 600 3946 so,
622 3880 685 3934 dass
709 3881 816 3949 Apellis
843 3883 926 3948 (auch
944 3883 1072 3953 Apelles,
1099 3882 1233 3951 Apelldos

169 3951 304 4020 genennt)
329 3950 500 4017 denMdon,
528 3949 654 4004 Homer's
679 3952 863 4020 asgeblichen
882 3949 991 4019 Vater,
1007 3953 1065 4007 und
1083 3953 1138 4008 den
1157 3952 1233 4018 Dios,

170 4021 219 4076 der
237 4022 310 4076 nach
324 4019 401 4096 einer
415 4022 502 4096 alten,
520 4022 587 4076 aber
599 4021 672 4090 jetet
689 4025 742 4076 mit
755 4023 846 4078 Recht
864 4024 1055 4082 verworfenen
1070 4023 1234 4094 Auelegung

170 4091 246 4146 eines
261 4091 359 4146 Verses
375 4091 424 4145 der
438 4091 542 4148 Werke
556 4092 613 4145 und
628 4093 705 4162 Tage
724 4091 787 4147 dem
802 4094 906 4148 Hesiod
921 4112 984 4148 zum
998 4093 1087 4150 Veter
1105 4095 1234 4164 gegeben

169 4164 280 4228 wirrde,
300 4172 340 4216 ¹zu
366 4162 477 4218 Sohnen
503 4163 609 4232 gehabt
633 4164 732 4218 heber*
768 4165 867 4233 Neque
893 4165 984 4220 minue
1007 4167 1082 4220 reete
1107 4165 1233 4219 Schoe-

170 4251 309 4288 mannus
327 4232 357 4287 in
380 4239 527 4288 comment.
547 4231 658 4300 crit.'‘p.
679 4241 695 4288 4
713 4235 952 4304 narratiunculam
975 4236 1010 4290 de
1029 4236 1083 4297 Dio
1107 4238 1137 4290 et
1154 4234 1233 4304 Pyci-

168 4305 258 4372 mede,
277 4305 440 4374 perentibus
459 4303 574 4360 Hesiodi
582 4315 593 4371 ,¹
608 4304 697 4362 sciens
716 4307 826 4362 silentio
846 4307 948 4362 omisit.
1283 4325 1284 4328 ¹
