2892 4902
1184 361 1250 408 XIII

184 507 346 568 secundum
373 526 460 582 quem
488 506 604 567 Musaei
631 509 695 568 loco
727 509 818 568 Dorio
847 509 982 584 quidam,
1014 507 1080 583 ipse
1107 509 1248 583 incertus,

184 597 316 656 decimus
340 595 438 670 gentis
462 591 672 655 introducitur.
717 595 763 656 Ac
785 596 1000 656 Welckerus
1024 596 1145 672 quidem
1168 596 1250 673 Cycl.

184 686 259 763 apic.
282 705 311 760 p.
337 685 398 741 149
427 684 504 742 hane
524 685 731 744 diversitatum
749 685 903 746 Damastis
927 687 965 744 ab
984 685 1141 746 Hellanico
1163 686 1251 745 facite

184 791 272 849 posse
287 771 429 848 explicari
447 775 546 849 putat3
567 774 632 845 sed,
656 775 691 832 ut
704 793 810 832 verum
826 774 938 848 fatear,
961 774 1122 833 admodum
1135 792 1249 852 vereor,

184 866 218 922 ut
245 863 301 921 hoc
332 860 456 920 evicerit
483 861 530 920 vir
557 863 760 921 doctissimus:
799 863 906 939 „Deun
919 863 1027 938 ,grado
1054 863 1097 921 im
1125 864 1253 922 zehnten

184 950 302 1024 Cliede,
325 950 435 1024 iuquit,
462 951 597 1008 weicheri
625 951 701 1009 auch
729 951 777 1009 die
805 952 880 1026 drey
902 952 1016 1010 andern
1039 944 1159 1029 (auctor
1181 950 1253 1010 Cer-

183 1039 305 1098 taminis
325 1038 449 1097 Homeri
468 1042 498 1097 et
515 1038 652 1111 Hesiodi,
678 1037 795 1097 Charax
818 1057 865 1114 ap.
885 1038 1006 1098 Suidam
1029 1060 1056 1098 v.
1071 1033 1202 1117 Ὅμηρος
1222 1043 1253 1099 et

183 1127 308 1188 Procius
327 1119 406 1206 ipse)
426 1131 514 1185 unter
533 1127 675 1186 einander
690 1128 728 1185 ab
741 1128 802 1186 und
822 1127 881 1186 alle
901 1129 975 1203 drey
989 1127 1129 1186 scheinen
1143 1127 1252 1187 Volks·

184 1221 311 1276 stamme
333 1217 374 1274 im
398 1215 486 1291 Auge
509 1235 544 1272 zu
567 1215 679 1291 habeu3
702 1215 826 1274 Musaue
847 1216 920 1274 aber
943 1217 1047 1275 deutet
1070 1215 1251 1293 astarthen,

183 1306 236 1365 des
260 1304 396 1380 Orpheus
417 1303 498 1362 Sohn
517 1303 629 1364 Dorion
651 1304 755 1363 deutet
778 1304 834 1362 auf
853 1304 901 1363 die
920 1304 1040 1379 Dorier,
1064 1306 1121 1364 wie
1138 1305 1251 1378 PieroS,

183 1395 235 1453 des
262 1392 353 1452 Linos
378 1391 472 1464 Sohn‚
503 1393 557 1450 auf
582 1392 700 1452 Pierien
725 1424 762 1434 -
793 1394 847 1451 der
875 1385 957 1472 Δρής
985 1394 1036 1452 des
1066 1392 1184 1452 Charax
1211 1394 1252 1452 ist
1344 1443 1349 1450 .

182 1481 382 1541 vermuthlich
399 1479 492 1560 Θρῄξ,
511 1481 550 1538 da
568 1481 644 1540 uach
663 1481 730 1540 dem
749 1480 1000 1540 mahedonischen
1018 1481 1143 1540 Dialekt
1162 1481 1180 1541 d
1202 1483 1252 1541 fiir

182 1575 207 1628 θ
221 1570 352 1643 eintritt3
372 1571 425 1628 der
435 1563 541 1646 ’Όρτρς
559 1570 632 1627 aber
650 1570 692 1627 im
706 1569 904 1628 Wettstreite'
916 1571 1014 1628 neheu
1028 1569 1130 1629 diesen
1143 1569 1252 1629 beiden

181 1659 222 1718 ist
245 1657 491 1716 wahrscheinlich
515 1652 662 1734 ἱιιὌτρυς
684 1677 720 1715 zu
743 1659 870 1733 andern,
894 1658 1023 1716 welches·
1041 1656 1178 1734 Odrysen
1201 1659 1252 1718 be-

185 1741 318 1805 deutet.¹‘
362 1745 399 1803 In
428 1765 486 1821 quo
513 1762 573 1804 non
601 1746 813 1806 animadvertit
839 1745 1016 1805 Welokerus
1039 1749 1122 1824 Δρῆς
1144 1765 1252 1806 nomen

184 1834 340 1911 proprium
369 1834 481 1916 mutari
508 1851 567 1892 non
594 1835 683 1893 licere
711 1840 835 1910 propter
862 1835 1072 1894 auctoritatem
1103 1853 1251 1910 gramma-

181 1924 324 1983 ticorum:
359 1921 637 1982 Choeroboscus
673 1923 752 1982 enim
784 1923 816 1982 in
844 1923 939 1982 Bekk.
966 1921 1078 1983 Aneed.
1105 1944 1135 2000 p.
1165 1925 1249 1984 1188

181 2013 238 2071 ita:
265 2004 300 2071 τὰ
329 2009 370 2082 εἰς
396 2033 433 2088 ης
461 2005 679 2089 μονοσύλλαβα,
713 2005 766 2070 ἐὰν
793 2007 848 2089 μὲν
873 2015 1084 2090 περισπῶνται,
1116 2001 1251 2094 ἀποβολῇ

182 2103 234 2160 τοῦ
265 2116 282 2158 o
309 2099 429 2159 ποιοῦσι
456 2092 511 2176 τὴν
538 2095 673 2179 γενικήν,
702 2093 767 2160 οἷον
794 2093 810 2160 ὁ
838 2102 920 2177 Δρῆς
946 2102 999 2160 τοῦ
1027 2101 1107 2179 Δρῆ,
1131 2093 1146 2160 ὁ
1173 2101 1252 2179 Τρῆς

183 2189 234 2249 τοῦ
261 2190 336 2264 Τρῆ·
368 2190 460 2246 ταῦτα
483 2183 515 2246 δὲ
537 2181 712 2267 παραλόγως
735 2186 833 2266 ἔχουσι
850 2181 906 2266 τὴν
923 2181 1044 2268 γενικὴν
1062 2188 1103 2260 εἰς
1121 2211 1141 2264 η
1163 2209 1252 2248 κατα-

182 2271 348 2356 λήγουσαν·’
380 2267 521 2335 οὐδέποτε
543 2269 599 2354 γὰρ
623 2269 784 2353 εὑρίσκεται
806 2269 906 2356 γενικὴ
931 2276 973 2348 εἰς
994 2300 1014 2354 η
1037 2271 1251 2356 καταλήγουσα,

182 2365 208 2424 εἰ
239 2358 277 2440 μὴ
309 2361 357 2422 ἐπὶ
387 2357 500 2423 τούτων
531 2367 589 2422 τῶν
621 2359 685 2424 δύο.
727 2361 783 2423 εἰσὶ
810 2361 842 2423 δὲ
869 2368 959 2424 ταῦτα
992 2355 1122 2442 ὀνόματα
1153 2360 1250 2438 κύρια,

184 2451 310 2520 Quicum
339 2451 491 2524 conspirat
519 2451 672 2510 Ioannes
707 2453 806 2510 Alex.
839 2473 898 2512 τον.
926 2473 1050 2532 παραγγ.
1079 2474 1107 2529 p.
1140 2457 1173 2523 7,
1199 2455 1249 2530 30,

183 2540 236 2598 ubi
254 2557 308 2614 pro
327 2539 411 2615 Κρής
429 2537 590 2614 legendum
608 2543 654 2598 est
668 2541 758 2618 Δρῆς.
795 2539 882 2599 Adde
901 2541 1117 2616 Theognost.
1137 2541 1249 2601 Canon.

182 2628 211 2685 in
242 2626 398 2685 Cramer.
428 2627 540 2686 Aneed.
569 2619 622 2686 Ox'.
651 2628 683 2686 Τ.
713 2627 752 2686 II.
780 2645 808 2704 p.
839 2630 914 2705 134,
940 2631 990 2688 27.
1035 2629 1125 2688 Illum
1148 2635 1249 2688 autem

176 2711 284 2794 ’Όρεην
303 2717 382 2790 apud
402 2719 555 2774 auctorem
571 2714 750 2776 Certaminis
772 2736 832 2776 non
846 2717 941 2776 ausim
960 2712 1109 2795 ἱαὍτραν
1123 2722 1249 2795 mutare,
1300 2761 1302 2764 -

181 2806 236 2864 hoc
264 2809 300 2862 ut
328 2801 461 2879 Odrysas
491 2803 647 2878 significet.
693 2803 737 2864 Ac
765 2807 791 2864 si
822 2806 872 2864 vel
903 2806 1032 2865 maxime
1060 2807 1248 2880 concesseris,

183 2896 345 2968 utrumque
372 2907 481 2952 nornen
509 2893 551 2952 sio
579 2894 691 2952 mutari
718 2894 818 2967 licere,
847 2899 882 2952 ut
908 2895 1038 2954 mutavit
1064 2894 1248 2966 Welckerus,

179 2981 257 3040 nihil
279 2982 348 3040 inde
371 2997 425 3057 pro
448 3000 482 3040 re
500 2981 600 3042 Procli
622 2982 781 3042 lucremur.
818 2983 886 3042 Non
909 2982 1057 3043 consentit
1085 2984 1163 3041 enim
1186 2984 1248 3043 ulio

183 3070 271 3138 modo
294 3069 454 3128 Damastes
478 3086 545 3128 cum
567 3070 623 3128 illa
644 3071 743 3130 Procli
766 3071 851 3130 serie.
898 3070 997 3141 Quare
1018 3073 1105 3131 nohis
1128 3073 1248 3147 quidem

184 3158 308 3218 Proelus
337 3159 407 3217 iude
435 3176 453 3216 a
479 3159 580 3218 verbis
608 3159 734 3218 Μαίονα
759 3153 816 3239 γάρ
844 3176 1037 3235 puriusque
1060 3160 1247 3219 Hellanicum

181 3265 235 3306 uec
258 3247 432 3306 Damastem
456 3265 510 3306 neo
532 3247 748 3323 Pherecydem,
773 3249 824 3323 qut
846 3249 922 3307 nihil
945 3265 1034 3325 quam
1053 3248 1175 3324 Orphici
1198 3267 1248 3326 ge·

181 3335 261 3394 neris
286 3335 379 3394 fuisse
397 3335 562 3394 Hesiodum
581 3337 730 3411 dixerant,
753 3337 805 3395 sed
825 3337 917 3396 alium
937 3338 1113 3413 scriptorem
1130 3338 1245 3398 intelle-

182 3424 262 3484 xisse
285 3425 417 3494 videtur,
441 3423 493 3498 qui
510 3413 559 3489 id,
582 3417 661 3499 quod
684 3425 868 3501 logographi'
882 3426 978 3501 digito
997 3427 1083 3502 quasi
1101 3431 1248 3486 monstra-

179 3515 299 3586 verant,
330 3531 384 3571 suo
413 3512 501 3570 modo
526 3512 648 3572 uberius
682 3513 923 3572 adumbraverat.
973 3515 1079 3590 Neque
1102 3515 1247 3574 obscurus

181 3605 227 3660 ast
257 3601 318 3659 iile.
341 3601 443 3658 *Nam
471 3604 575 3659 auctor
598 3619 763 3677 anonymus
791 3601 822 3660 in
849 3602 971 3662 Iriart.
1000 3603 1077 3662 Bihl.
1106 3603 1195 3662 Matr.
1218 3623 1247 3678 p.

181 3691 243 3748 233
277 3688 333 3747 ita:
366 3683 500 3766 Ἔφορος
532 3687 573 3760 εἰς
605 3689 787 3768 Χαρίφημον
819 3683 922 3771 ἀνάγει
952 3684 985 3750 τὸ
1022 3688 1107 3770 γένος
1139 3684 1246 3762 αὐτοῦς

181 3774 396 3851 Chariphemus
426 3781 526 3835 autem
554 3796 649 3852 neque
679 3780 717 3838 ab
746 3781 868 3838 auctore
896 3778 1077 3838 Certaminis
1104 3799 1201 3856 neque
1227 3799 1246 3839 a

176 3863 314 3942 *Charace
337 3870 598 3939 commemoratur,
627 3866 680 3926 sed
707 3885 725 3925 a
748 3868 854 3926 Proclo
877 3871 1009 3945 tantum,
1036 3869 1116 3926 unde
1139 3871 1245 3944 sponte

178 3957 283 4029 patere
311 3953 430 4012 videtur
457 3953 612 4029 Ephorum
645 3960 797 4015 auctorem
829 3960 964 4018 secutum
997 3975 1063 4016 esse
1095 3951 1244 4029 P1·oclum‚

179 4043 365 4117 eundemque
383 4041 537 4116 Ephorum
559 4045 814 4119 logographorum
833 4045 970 4120 vestigiis
993 4045 1183 4104 insistentem
1201 4047 1243 4103 in·

179 4131 384 4206 tellegendum
411 4149 477 4188 esse
504 4131 572 4190 iude
601 4151 619 4190 a
643 4133 742 4192 verbis
766 4132 892 4193 Μαίονα
915 4127 971 4212 γάρ
994 4149 1076 4209 φασι.
1122 4133 1244 4192 Procius

178 4238 262 4294 vero,
296 4237 363 4278 oum
391 4237 488 4277 mares
520 4223 639 4280 tautum
673 4222 840 4280 stemmatis
867 4221 1010 4281 Hesiodei
1036 4225 1066 4280 et
1094 4221 1245 4281 Homerici

88 4319 91 4326 '
178 4305 309 4367 indicare
345 4306 451 4380 vellet,
489 4326 548 4366 uon
580 4309 696 4367 addidit
731 4309 885 4384 Ephorum
921 4312 1079 4385 praeterea
1114 4310 1243 4367 alterum
1269 4365 1270 4368 ,
