2904 4900
560 304 831 360 FRAGMENTA.
1164 303 1229 368 305

163 485 234 522 στου
253 462 389 535 γυναικός
411 461 459 520 διά
484 461 585 535 μικρόν
610 460 779 530 ἐπεξελθών.
816 465 945 520 Ceterum
962 464 1078 520 Hesiodi
1100 464 1177 520 dicta
1196 464 1230 519 de

164 554 252 610 Peleo
271 555 357 611 eiiam
376 555 407 609 L.
426 552 521 609 Attius
540 553 570 608 in
594 552 786 608 didascalicon
802 552 883 610 libris
902 553 1168 608 commemoraverat
1186 567 1230 623 cp.

164 643 253 698 Geli.
272 643 307 697 N.
326 643 358 697 A.
377 644 425 712 III,
446 649 486 698 11.

572 803 720 890 cxxrfl.
748 802 828 891 (95.)

239 926 348 982 Schol.
368 927 497 983 Victor.
517 927 553 981 ed
572 926 604 982 11.
623 925 696 997 XVI,
714 932 766 982 475
786 927 820 981 de
839 926 897 982 filia
914 927 1004 982 Pelei:
1023 923 1180 996 Ζηνόδοτος
1198 924 1231 982 δὲ

164 1011 336 1085 Κλεοδῶρην
356 1018 455 1084 φησίν,
472 1010 605 1070 Ἡσιόδου
625 1017 673 1069 καὶ
696 1015 752 1069 τῶν
770 1009 860 1068 ἀλλων
878 1010 1051 1084 Πολυδῶρην
1070 1011 1162 1084 αότὴν
1180 1035 1230 1071 κα-

162 1099 301 1160 λυόντων.

572 1229 721 1294 cxxiv.
750 1227 830 1316 (cc.)

240 1352 397 1407 Eusiath.
416 1353 453 1408 ed
471 1353 503 1407 ΙΙ.
523 1353 543 1420 Ι,
563 1358 615 1407 335
633 1371 660 1423 p.
681 1359 744 1406 112:
763 1347 781 1420 ἡ
801 1349 908 1407 παλαιοὶ
924 1350 1030 1420 λστορία
1050 1384 1082 1392 -
1101 1351 1231 1422 λέγουσα,

165 1435 216 1496 ότι
231 1435 360 1503 Ἡσίοδός
379 1460 449 1510 φησι
466 1443 622 1497 Μενοίτιον
640 1438 691 1496 τόν
709 1438 875 1511 Πατρόκλου
895 1441 1003 1511 πατέρα
1021 1441 1138 1511 Πηλέως
1157 1439 1231 1497 εἶναι

166 1525 309 1599 ἀδελφόν,
329 1525 367 1593 ῶς
381 1525 456 1584 εἶναι
470 1523 663 1596 ἀντανεῳιοῦς
677 1522 766 1592 οῦτως
779 1524 959 1599 ἀμφοτέρως
970 1525 1105 1598 ἀλλήλοις.
1143 1531 1232 1602 [Quae
1278 1517 1280 1520 Ι

163 1617 315 1688 exscripsit
332 1619 455 1674 Eudcc.
477 1636 504 1687 p.
525 1617 598 1689 331.]

580 1780 711 1846 cxxv.
739 1778 820 1866 (ει.)
908 1769 911 1780 ·

239 1901 348 1958 Schol.
372 1902 408 1957 ad
432 1903 465 1957 Il.
488 1903 540 1970 VI,
569 1909 617 1958 35:
643 1898 776 1973 Ἀχιλλεὺς
799 1898 856 1957 ῦπό
879 1899 930 1958 τόν
956 1900 1084 1974 Τρωϊκόν
1108 1900 1233 1975 πόλεμον

162 1991 285 2058 πορθῶν
307 1985 359 2053 τὰς
381 1993 542 2059 περιοίκους
565 1991 615 2060 τῆς
635 1986 715 2046 Ἰλίου
739 1988 835 2054 πόλεις
862 1986 982 2062 ἀφίκετο
1011 1991 1052 2055 είς
1074 1989 1127 2063 τὴν
1144 1988 1233 2050 πόλαι

166 2079 221 2150 μὲν
239 2081 390 2148 Μονηνίαν
413 2077 516 2148 (Schol.
540 2078 606 2135 min.
626 2078 783 2149 Μονηΐαν),
810 2079 863 2134 νῦν
886 2078 918 2135 δὲ
938 2076 1075 2150 Πήδασον
1098 2080 1234 2153 καλουμέ-

163 2187 221 2236 νην
239 2160 330 2236 (ῶςτε)
353 2165 404 2220 καὶ
422 2161 514 2236 αῦτην
538 2161 591 2221 σῦν
613 2173 676 2229 ταῖς
699 2162 797 2229 ἀλλαις
816 2163 898 2222 ἕλεῖν.
935 2164 1110 2239 ἀπογνόντος
1128 2168 1161 2224 δὲ
1180 2166 1232 2225 αῦ-

165 2257 217 2312 τοῦ
242 2252 294 2325 τὴν
320 2254 361 2318 είς
387 2250 419 2308 τό
445 2253 524 2318 τέλος
546 2257 712 2322 πολιορκίαν
735 2250 784 2309 διά
808 2252 862 2325 την
885 2251 1043 2326 ὀχυρότητα
1066 2259 1116 2313 τοῦ
1142 2255 1232 2314 τόπου

164 2347 216 2401 καλ
235 2343 383 2415 μέλλοντος
401 2339 569 2415 ἀναχωρεῖν,
590 2343 678 2414 φασὶν
697 2347 762 2400 είσω
777 2345 833 2399 τῶν
851 2345 951 2415 τειχῶν
970 2337 1060 2400 οῦσάν
1078 2367 1143 2402 τινα
1160 2370 1232 2419 παρ-

163 2431 258 2489 θένον
278 2429 439 2504 ἐρασθῆναι
457 2433 506 2488 τοῦ
524 2428 726 2516 Ἀχιλλέωςκαλ
743 2434 886 2506 λαβοῦσαν
901 2435 989 2504 μῆλον
1004 2430 1051 2489 ἐπὶ
1069 2436 1152 2491 τοῦτο
1173 2434 1232 2492 ἐπι-

165 2519 277 2593 χράῳαι
296 2521 345 2577 καὶ
363 2520 447 2593 βίῳαι
467 2520 508 2585 ιίς
526 2521 612 2592 μέσον
630 2523 687 2576 τῶν
703 2517 831 2593 Ἀχαιῶν·
855 2514 891 2592 ἦν
909 2520 942 2578 δὲ
963 2519 994 2578 ἐν
1013 2519 1090 2597 αῦτῷ
1110 2543 1230 2596 χεχραμ-

165 2610 267 2682 μόνον·

329 2696 366 2769 μὴ
387 2695 494 2771 σπεῦδ’,
512 2695 639 2770 Ἀχιλλεῦ,
657 2699 724 2770 πρλν
741 2702 894 2768 Μονηνίαν
913 2698 988 2772 ἕλῃς·

327 2781 406 2859 ῦδωρ
424 2787 479 2860 χάρ
498 2784 551 2846 οῦκ
571 2787 679 2860 ἔχουσι,
698 2790 820 2859 διψῶσιν
839 2789 941 2852 κακῶς.

166 2891 218 2948 τόν
237 2893 269 2948 δὲ
286 2889 407 2965 ’Δχιλλέα
431 2891 616 2966 ἐπιμείναντα
640 2889 714 2952 circ
738 2899 835 2969 λαβεῖν
858 2893 910 2966 τὴν
933 2892 1016 2952 πόλιν
1038 2899 1071 2971 τῇ
1091 2899 1142 2954 τοῦ
1162 2893 1233 2954 ῦδα-

166 3004 215 3047 τος
234 2980 343 3040 σπάνει.
380 2980 526 3055 ἡλστορία
552 2981 629 3055 παρὰ
648 2988 798 3059 Δημητρίῳ
817 2985 866 3040 καλ
880 2980 1011 3059 Ἡσιόδῳ.
1048 2987 1088 3043 Of.
1107 2988 1233 3044 Welck.

168 3073 203 3128 de
217 3074 297 3143 cyclo
312 3090 355 3144 ep.
370 3092 395 3143 p.
407 3080 467 3130 282.
504 3074 703 3143 Bernhardy
716 3073 787 3128 Hisi.
802 3073 858 3128 litt.
874 3073 921 3128 Gr.
935 3075 955 3132 I.
970 3093 997 3146 p.
1010 3081 1067 3131 198.
1104 3074 1232 3132 Merck-

168 3162 324 3218 scheffel.

563 3289 709 3356 cxxvi
737 3288 840 3377 (141.)

241 3409 365 3467 Strabo
384 3412 431 3466 IX.
450 3429 477 3481 p.
492 3417 558 3466 442:
578 3411 627 3465 καλ
646 3408 681 3480 δὴ
700 3412 750 3466 καλ
768 3411 878 3482 λέγεται
897 3406 954 3467 ῦπό
974 3413 1031 3467 τῶν
1049 3408 1168 3483 ῦστερον
1187 3409 1234 3469 ἐπὶ

168 3495 271 3569 χρόνον
294 3495 398 3568 συχνόν
421 3495 439 3569 ἡ
464 3501 572 3569 οίκησις
593 3501 650 3554 τῶν
671 3496 835 3570 Ἀθαμάνων
861 3495 893 3554 ἒν
915 3501 953 3573 τῷ
973 3503 1072 3574 Δωτίῳ
1096 3501 1234 3571 γενέσθαι

168 3589 271 3658 πεδίῳ·
309 3589 393 3644 τοῦτο
411 3588 444 3645 δι’
464 3585 523 3644 ἐστι
541 3588 658 3657 πλησίον
676 3589 726 3658 τῆς
744 3584 808 3658 ἄρτι
827 3592 976 3660 λεχθείσης
994 3592 1168 3661 Περραιβίας
1185 3592 1234 3644 καλ

168 3676 219 3745 τῆς
240 3671 339 3745 Ὄσσης
364 3679 413 3733 καλ
442 3675 483 3734 ἔτι
510 3679 560 3748 τῆς
583 3677 733 3750 Βοιβηλδος
755 3680 865 3749 λίμνης,
894 3675 926 3734 ἐν
950 3677 1020 3750 μίση
1044 3677 1096 3749 μέν
1121 3697 1181 3741 πως
1199 3679 1232 3750 τῇ

170 3765 318 3840 Θετταλίᾳ,
337 3763 437 3836 λόφοις
451 3765 483 3822 δὲ
503 3766 586 3830 ίδίοις
599 3763 842 3837 περικλειόμενον·
862 3768 927 3836 περὶ
945 3758 979 3821 οῦ
996 3762 1125 3829 Ἡσίοδος
1142 3760 1235 3829 οὕτως

168 3855 294 3924 εἴρηκεν

236 3957 257 4042 ἢ
283 3964 336 4047 οἴη
362 3961 538 4048 Διδύμους
561 3961 674 4050 ἱεροὺς
696 3967 840 4030 ναίουσα
862 3963 1035 4043 κολωνούς

236 4071 358 4155 ,Δωτίῳ
382 4069 418 4134 ἐν
441 4071 544 4159 πεδίῳ
569 4068 798 4156 πολυβότρυος
821 4066 889 4136 ἀντ’
913 4067 1069 4158 Ἀμύροιο

236 4178 356 4253 νίψατο
381 4172 564 4259 Βοιβιάδος
587 4181 706 4261 λίμνης
728 4173 817 4242 πόδα
840 4176 1010 4262 παρθένος
1033 4174 1150 4263 ἀδμής.

172 4295 213 4350 Of.
234 4295 346 4351 Streb.
364 4296 438 4351 XIV.
457 4315 484 4367 p.
504 4304 569 4353 64¹1:
593 4299 643 4355 ubi
661 4297 765 4369 legitur
784 4293 843 4354 ἀντ’
864 4293 960 4368 (όντα,
985 4300 1060 4368 quod
1078 4302 1154 4354 recte
1173 4299 1235 4354 ani·

224 4395 326 4436 Ηιειοο.
341 4395 376 4436 ed.
390 4395 502 4446 (docilior.
988 4394 1022 4441 20
