<?xml version="1.0" encoding="UTF-8"?>
<!DOCTYPE html PUBLIC "-//W3C//DTD XHTML 1.0 Transitional//EN"
    "http://www.w3.org/TR/xhtml1/DTD/xhtml1-transitional.dtd">
<html xmlns="http://www.w3.org/1999/xhtml" xml:lang="en" lang="en">
 <head>
  <title>
</title>
<meta http-equiv="Content-Type" content="text/html;charset=utf-8" />
  <meta name='ocr-system' content='tesseract 3.04.00' />
  <meta name='ocr-capabilities' content='ocr_page ocr_carea ocr_par ocr_line ocrx_word'/>
</head>
<body>
  <div class='ocr_page' id='page_1' title='image "./hesiodicarmina02hesigoog_0127.png"; bbox 0 0 2948 4896; ppageno 0'>
   <div class='ocr_carea' id='block_1_1' title="bbox 197 253 794 356">
    <p class='ocr_par' dir='ltr' id='par_1_1' title="bbox 197 253 794 356">
     <span class='ocr_line' id='line_1_1' title="bbox 197 253 794 356; baseline 0.003 -14"><span class='ocrx_word' id='word_1_1' title='bbox 197 292 240 356; x_wconf 63' lang='grc' dir='ltr'><strong>ρο</strong></span> <span class='ocrx_word' id='word_1_2' title='bbox 285 253 286 256; x_wconf 21' lang='lat'>¹</span> <span class='ocrx_word' id='word_1_3' title='bbox 625 292 794 345; x_wconf 76' lang='lat' dir='ltr'><strong>arianos</strong></span> 
     </span>
    </p>
   </div>
   <div class='ocr_carea' id='block_1_2' title="bbox 197 444 1270 1065">
    <p class='ocr_par' dir='ltr' id='par_1_2' title="bbox 198 444 1202 640">
     <span class='ocr_line' id='line_1_2' title="bbox 198 444 1202 534; baseline 0 -19"><span class='ocrx_word' id='word_1_4' title='bbox 198 445 277 526; x_wconf 82' lang='grc' dir='ltr'><strong><em>τοὺς</em></strong></span> <span class='ocrx_word' id='word_1_5' title='bbox 300 446 338 514; x_wconf 73' lang='lat' dir='ltr'><strong>&lt;a</strong></span> <span class='ocrx_word' id='word_1_6' title='bbox 362 444 434 534; x_wconf 76' lang='grc' dir='ltr'><strong><em>μέθ’</em></strong></span> <span class='ocrx_word' id='word_1_7' title='bbox 461 444 642 525; x_wconf 75' lang='grc' dir='ltr'><strong><em>ὁπλότατος</em></strong></span> <span class='ocrx_word' id='word_1_8' title='bbox 664 448 779 532; x_wconf 84' lang='grc' dir='ltr'><strong><em>γε’νετο</em></strong></span> <span class='ocrx_word' id='word_1_9' title='bbox 803 447 939 534; x_wconf 82' lang='grc' dir='ltr'><strong><em>Κρόνος</em></strong></span> <span class='ocrx_word' id='word_1_10' title='bbox 961 445 1202 534; x_wconf 79' lang='grc' dir='ltr'><strong><em>ἀγκυλομήτης,</em></strong></span> 
     </span>
     <span class='ocr_line' id='line_1_3' title="bbox 198 550 1074 640; baseline 0 -20"><span class='ocrx_word' id='word_1_11' title='bbox 198 553 391 632; x_wconf 81' lang='grc' dir='ltr'><strong><em>δεινότατος</em></strong></span> <span class='ocrx_word' id='word_1_12' title='bbox 413 556 559 620; x_wconf 74' lang='grc' dir='ltr'><strong><em>παίδων·</em></strong></span> <span class='ocrx_word' id='word_1_13' title='bbox 583 550 732 640; x_wconf 78' lang='grc' dir='ltr'><strong><em>θαλερὸν</em></strong></span> <span class='ocrx_word' id='word_1_14' title='bbox 756 550 785 619; x_wconf 74' lang='grc' dir='ltr'><strong>δ’</strong></span> <span class='ocrx_word' id='word_1_15' title='bbox 810 551 940 640; x_wconf 75' lang='grc' dir='ltr'><strong><em>ἤχθηρε</em></strong></span> <span class='ocrx_word' id='word_1_16' title='bbox 962 558 1074 640; x_wconf 80' lang='grc' dir='ltr'><strong><em>τοκῆα.</em></strong></span> 
     </span>
    </p>

    <p class='ocr_par' dir='ltr' id='par_1_3' title="bbox 197 651 1270 960">
     <span class='ocr_line' id='line_1_4' title="bbox 197 651 1128 747; baseline 0 -20"><span class='ocrx_word' id='word_1_17' title='bbox 197 665 332 745; x_wconf 89' lang='grc' dir='ltr'><strong><em>γείνατο</em></strong></span> <span class='ocrx_word' id='word_1_18' title='bbox 356 657 386 724; x_wconf 76' lang='grc' dir='ltr'><strong>δ’</strong></span> <span class='ocrx_word' id='word_1_19' title='bbox 411 651 455 727; x_wconf 82' lang='grc' dir='ltr'><strong>αὖ</strong></span> <span class='ocrx_word' id='word_1_20' title='bbox 478 658 667 738; x_wconf 85' lang='grc' dir='ltr'><strong><em>Κύκλωπας</em></strong></span> <span class='ocrx_word' id='word_1_21' title='bbox 689 656 852 746; x_wconf 79' lang='grc' dir='ltr'><strong><em>ὑπέρβιον</em></strong></span> <span class='ocrx_word' id='word_1_22' title='bbox 874 651 957 747; x_wconf 84' lang='grc' dir='ltr'><strong><em>ἦτορ</em></strong></span> <span class='ocrx_word' id='word_1_23' title='bbox 982 666 1128 746; x_wconf 79' lang='grc' dir='ltr'><strong><em>ἔχοντας,</em></strong></span> 
     </span>
     <span class='ocr_line' id='line_1_5' title="bbox 198 764 1270 854; baseline 0.001 -20"><span class='ocrx_word' id='word_1_24' title='bbox 198 764 356 853; x_wconf 80' lang='grc' dir='ltr'><strong><em>Βρόντην</em></strong></span> <span class='ocrx_word' id='word_1_25' title='bbox 377 792 413 833; x_wconf 90' lang='grc' dir='ltr'><strong><em>τε</em></strong></span> <span class='ocrx_word' id='word_1_26' title='bbox 436 765 613 854; x_wconf 76' lang='grc' dir='ltr'><strong><em>Στερόπην</em></strong></span> <span class='ocrx_word' id='word_1_27' title='bbox 636 793 671 834; x_wconf 88' lang='grc' dir='ltr'><strong><em>τε</em></strong></span> <span class='ocrx_word' id='word_1_28' title='bbox 693 767 749 833; x_wconf 85' lang='grc' dir='ltr'><strong>καὶ</strong></span> <span class='ocrx_word' id='word_1_29' title='bbox 762 764 891 852; x_wconf 78' lang='grc' dir='ltr'><strong><em>’Ἁργην</em></strong></span> <span class='ocrx_word' id='word_1_30' title='bbox 916 764 1165 854; x_wconf 77' lang='grc' dir='ltr'><strong><em>ὀβριμόθυμον,</em></strong></span> <span class='ocrx_word' id='word_1_31' title='bbox 1219 785 1270 836; x_wconf 91' lang='grc'><strong>140</strong></span> 
     </span>
     <span class='ocr_line' id='line_1_6' title="bbox 201 869 1113 960; baseline -0.001 -19"><span class='ocrx_word' id='word_1_32' title='bbox 201 879 238 941; x_wconf 78' lang='grc' dir='ltr'><strong>οἳ</strong></span> <span class='ocrx_word' id='word_1_33' title='bbox 258 873 344 958; x_wconf 81' lang='grc' dir='ltr'><strong><em>Ζηνὶ</em></strong></span> <span class='ocrx_word' id='word_1_34' title='bbox 366 871 515 960; x_wconf 77' lang='grc' dir='ltr'><strong><em>βροντήν</em></strong></span> <span class='ocrx_word' id='word_1_35' title='bbox 537 869 563 940; x_wconf 87' lang='grc' dir='ltr'><strong>τ’</strong></span> <span class='ocrx_word' id='word_1_36' title='bbox 591 876 713 940; x_wconf 74' lang='grc' dir='ltr'><strong><em>ἔδοσαν</em></strong></span> <span class='ocrx_word' id='word_1_37' title='bbox 736 871 855 953; x_wconf 81' lang='grc' dir='ltr'><strong><em>τεῦξάν</em></strong></span> <span class='ocrx_word' id='word_1_38' title='bbox 878 898 913 940; x_wconf 88' lang='grc' dir='ltr'><strong><em>τε</em></strong></span> <span class='ocrx_word' id='word_1_39' title='bbox 935 872 1113 958; x_wconf 88' lang='grc' dir='ltr'><strong><em>κεραυνόν.</em></strong></span> 
     </span>
    </p>

    <p class='ocr_par' dir='ltr' id='par_1_4' title="bbox 198 970 1082 1065">
     <span class='ocr_line' id='line_1_7' title="bbox 198 970 1082 1065; baseline -0.001 -18"><span class='ocrx_word' id='word_1_40' title='bbox 198 982 233 1047; x_wconf 80' lang='lat' dir='ltr'><strong>cI</strong></span> <span class='ocrx_word' id='word_1_41' title='bbox 255 975 283 1046; x_wconf 77' lang='grc' dir='ltr'><strong>δ’</strong></span> <span class='ocrx_word' id='word_1_42' title='bbox 308 976 382 1065; x_wconf 74' lang='grc' dir='ltr'><strong><em>ἤτοι</em></strong></span> <span class='ocrx_word' id='word_1_43' title='bbox 405 977 445 1047; x_wconf 81' lang='grc' dir='ltr'><strong>τὰ</strong></span> <span class='ocrx_word' id='word_1_44' title='bbox 468 978 529 1065; x_wconf 71' lang='grc' dir='ltr'><strong>μὲν</strong></span> <span class='ocrx_word' id='word_1_45' title='bbox 552 977 637 1047; x_wconf 76' lang='grc' dir='ltr'><strong><em>ἅλλα</em></strong></span> <span class='ocrx_word' id='word_1_46' title='bbox 659 987 756 1058; x_wconf 81' lang='grc' dir='ltr'><strong><em>θεοῖς</em></strong></span> <span class='ocrx_word' id='word_1_47' title='bbox 778 980 961 1064; x_wconf 77' lang='grc' dir='ltr'><strong><em>ἐναλίγκιοι</em></strong></span> <span class='ocrx_word' id='word_1_48' title='bbox 984 970 1082 1064; x_wconf 78' lang='grc' dir='ltr'><strong><em>ἦσαν,</em></strong></span> 
     </span>
    </p>
   </div>
   <div class='ocr_carea' id='block_1_3' title="bbox 193 1183 1270 2328">
    <p class='ocr_par' dir='ltr' id='par_1_5' title="bbox 269 1183 693 1263">
     <span class='ocr_line' id='line_1_8' title="bbox 269 1183 693 1263; baseline -0.002 -16"><span class='ocrx_word' id='word_1_49' title='bbox 269 1193 303 1246; x_wconf 88' lang='lat' dir='ltr'><strong>V.</strong></span> <span class='ocrx_word' id='word_1_50' title='bbox 323 1199 384 1247; x_wconf 88' lang='grc'><strong>139.</strong></span> <span class='ocrx_word' id='word_1_51' title='bbox 419 1183 512 1263; x_wconf 78' lang='grc' dir='ltr'><strong><em>ἦτορ]</em></strong></span> <span class='ocrx_word' id='word_1_52' title='bbox 531 1193 583 1246; x_wconf 89' lang='grc' dir='ltr'><strong>Ρ2.</strong></span> <span class='ocrx_word' id='word_1_53' title='bbox 601 1185 693 1262; x_wconf 72' lang='grc' dir='ltr'><strong><em>ὕβριν.</em></strong></span> 
     </span>
    </p>

    <p class='ocr_par' dir='ltr' id='par_1_6' title="bbox 196 1257 1270 1463">
     <span class='ocr_line' id='line_1_9' title="bbox 268 1257 1270 1334; baseline -0.001 -15"><span class='ocrx_word' id='word_1_54' title='bbox 268 1265 302 1320; x_wconf 91' lang='lat' dir='ltr'><strong>V.</strong></span> <span class='ocrx_word' id='word_1_55' title='bbox 324 1271 383 1319; x_wconf 87' lang='lat'><strong>140.</strong></span> <span class='ocrx_word' id='word_1_56' title='bbox 419 1259 612 1334; x_wconf 81' lang='grc' dir='ltr'><strong><em>Στερόπην]</em></strong></span> <span class='ocrx_word' id='word_1_57' title='bbox 629 1257 793 1332; x_wconf 81' lang='grc' dir='ltr'><strong><em>Ἀττερόπην</em></strong></span> <span class='ocrx_word' id='word_1_58' title='bbox 812 1261 868 1318; x_wconf 80' lang='lat' dir='ltr'><strong>Va.</strong></span> <span class='ocrx_word' id='word_1_59' title='bbox 889 1263 973 1316; x_wconf 64' lang='grc' dir='ltr'><strong>Τοῦτ.</strong></span> <span class='ocrx_word' id='word_1_60' title='bbox 992 1263 1056 1316; x_wconf 82' lang='lat' dir='ltr'><strong>Bar.</strong></span> <span class='ocrx_word' id='word_1_61' title='bbox 1076 1293 1109 1302; x_wconf 87' lang='lat'><strong>-—</strong></span> <span class='ocrx_word' id='word_1_62' title='bbox 1129 1259 1270 1333; x_wconf 82' lang='grc' dir='ltr'><strong><em>ὀβριμό-</em></strong></span> 
     </span>
     <span class='ocr_line' id='line_1_10' title="bbox 196 1329 1269 1462; baseline -0.001 -72"><span class='ocrx_word' id='word_1_63' title='bbox 196 1335 322 1462; x_wconf 54' lang='lat' dir='ltr'><strong>coppp]</strong></span> <span class='ocrx_word' id='word_1_64' title='bbox 349 1335 395 1461; x_wconf 56' lang='lat' dir='ltr'><strong>{pp</strong></span> <span class='ocrx_word' id='word_1_65' title='bbox 417 1335 495 1405; x_wconf 84' lang='lat' dir='ltr'><strong>vulg.</strong></span> <span class='ocrx_word' id='word_1_66' title='bbox 518 1329 736 1405; x_wconf 75' lang='grc' dir='ltr'><strong><em>ὅμβριμόθνμον</em></strong></span> <span class='ocrx_word' id='word_1_67' title='bbox 759 1333 824 1388; x_wconf 88' lang='lat' dir='ltr'><strong>Vat.</strong></span> <span class='ocrx_word' id='word_1_68' title='bbox 845 1333 928 1388; x_wconf 85' lang='lat' dir='ltr'><strong>Taur.</strong></span> <span class='ocrx_word' id='word_1_69' title='bbox 948 1335 986 1388; x_wconf 91' lang='lat' dir='ltr'><strong>M.</strong></span> <span class='ocrx_word' id='word_1_70' title='bbox 1006 1340 1030 1389; x_wconf 88' lang='grc'><strong>2.</strong></span> <span class='ocrx_word' id='word_1_71' title='bbox 1049 1340 1089 1403; x_wconf 88' lang='grc'><strong>3.,</strong></span> <span class='ocrx_word' id='word_1_72' title='bbox 1113 1334 1189 1402; x_wconf 86' lang='lat' dir='ltr'><strong>quod</strong></span> <span class='ocrx_word' id='word_1_73' title='bbox 1207 1335 1269 1404; x_wconf 84' lang='lat' dir='ltr'><strong>plu-</strong></span> 
     </span>
     <span class='ocr_line' id='line_1_11' title="bbox 198 1424 403 1463; baseline 0.015 -3"><span class='ocrx_word' id='word_1_74' title='bbox 198 1424 244 1460; x_wconf 89' lang='lat' dir='ltr'><strong>cu1</strong></span> <span class='ocrx_word' id='word_1_75' title='bbox 305 1424 343 1462; x_wconf 90' lang='lat' dir='ltr'><strong>ce</strong></span> <span class='ocrx_word' id='word_1_76' title='bbox 398 1451 403 1463; x_wconf 94' lang='lat'><strong>.</strong></span> 
     </span>
    </p>

    <p class='ocr_par' dir='ltr' id='par_1_7' title="bbox 267 1472 673 1547">
     <span class='ocr_line' id='line_1_12' title="bbox 267 1472 673 1547; baseline -0.005 -16"><span class='ocrx_word' id='word_1_77' title='bbox 267 1478 302 1532; x_wconf 93' lang='lat' dir='ltr'><strong>V.</strong></span> <span class='ocrx_word' id='word_1_78' title='bbox 321 1484 382 1532; x_wconf 85' lang='lat'><strong>141.</strong></span> <span class='ocrx_word' id='word_1_79' title='bbox 418 1478 470 1532; x_wconf 77' lang='lat' dir='ltr'><strong>Pa.</strong></span> <span class='ocrx_word' id='word_1_80' title='bbox 507 1472 673 1547; x_wconf 86' lang='grc' dir='ltr'><strong><em>κεραννοός.</em></strong></span> 
     </span>
    </p>

    <p class='ocr_par' dir='ltr' id='par_1_8' title="bbox 193 1543 1270 2328">
     <span class='ocr_line' id='line_1_13' title="bbox 267 1543 1268 1621; baseline 0.003 -19"><span class='ocrx_word' id='word_1_81' title='bbox 267 1549 301 1602; x_wconf 89' lang='lat' dir='ltr'><strong>V.</strong></span> <span class='ocrx_word' id='word_1_82' title='bbox 320 1555 382 1604; x_wconf 92' lang='grc'>142.</span> <span class='ocrx_word' id='word_1_83' title='bbox 420 1545 454 1602; x_wconf 79' lang='lat' dir='ltr'><strong>oi</strong></span> <span class='ocrx_word' id='word_1_84' title='bbox 474 1543 500 1602; x_wconf 71' lang='grc' dir='ltr'><strong>δ’</strong></span> <span class='ocrx_word' id='word_1_85' title='bbox 524 1543 612 1619; x_wconf 81' lang='grc' dir='ltr'><strong><em>ἤτοι]</em></strong></span> <span class='ocrx_word' id='word_1_86' title='bbox 640 1546 686 1602; x_wconf 81' lang='lat' dir='ltr'><strong>Sic</strong></span> <span class='ocrx_word' id='word_1_87' title='bbox 709 1547 809 1616; x_wconf 78' lang='lat' dir='ltr'>scripsi</span> <span class='ocrx_word' id='word_1_88' title='bbox 831 1565 865 1602; x_wconf 87' lang='lat' dir='ltr'><strong>cx</strong></span> <span class='ocrx_word' id='word_1_89' title='bbox 888 1548 940 1602; x_wconf 90' lang='grc' dir='ltr'><strong>Ρ2.</strong></span> <span class='ocrx_word' id='word_1_90' title='bbox 960 1565 1024 1602; x_wconf 91' lang='lat' dir='ltr'><strong>cum</strong></span> <span class='ocrx_word' id='word_1_91' title='bbox 1043 1548 1153 1604; x_wconf 86' lang='lat' dir='ltr'><strong>Herm.</strong></span> <span class='ocrx_word' id='word_1_92' title='bbox 1172 1551 1268 1621; x_wconf 82' lang='lat' dir='ltr'><strong>hymn.</strong></span> 
     </span>
     <span class='ocr_line' id='line_1_14' title="bbox 196 1615 1269 1690; baseline 0.003 -17"><span class='ocrx_word' id='word_1_93' title='bbox 196 1619 266 1674; x_wconf 91' lang='lat' dir='ltr'><strong>Ven.</strong></span> <span class='ocrx_word' id='word_1_94' title='bbox 286 1625 347 1676; x_wconf 86' lang='grc'>226.</span> <span class='ocrx_word' id='word_1_95' title='bbox 366 1637 418 1689; x_wconf 88' lang='lat' dir='ltr'><strong>pro</strong></span> <span class='ocrx_word' id='word_1_96' title='bbox 437 1618 463 1673; x_wconf 85' lang='grc' dir='ltr'><strong>οἳ</strong></span> <span class='ocrx_word' id='word_1_97' title='bbox 482 1615 518 1688; x_wconf 79' lang='grc' dir='ltr'><strong>δή</strong></span> <span class='ocrx_word' id='word_1_98' title='bbox 537 1638 588 1674; x_wconf 87' lang='grc' dir='ltr'><strong>τοι.</strong></span> <span class='ocrx_word' id='word_1_99' title='bbox 626 1618 829 1673; x_wconf 75' lang='lat' dir='ltr'><strong>Scholiasta</strong></span> <span class='ocrx_word' id='word_1_100' title='bbox 852 1618 890 1673; x_wconf 88' lang='lat' dir='ltr'><strong>ad</strong></span> <span class='ocrx_word' id='word_1_101' title='bbox 907 1620 935 1674; x_wconf 96' lang='lat' dir='ltr'><strong>h.</strong></span> <span class='ocrx_word' id='word_1_102' title='bbox 953 1620 972 1674; x_wconf 93' lang='grc'><strong>1.</strong></span> <span class='ocrx_word' id='word_1_103' title='bbox 991 1619 1046 1674; x_wconf 81' lang='lat' dir='ltr'><strong>ita:</strong></span> <span class='ocrx_word' id='word_1_104' title='bbox 1071 1616 1185 1690; x_wconf 76' lang='grc' dir='ltr'><strong><em>Κράτης</em></strong></span> <span class='ocrx_word' id='word_1_105' title='bbox 1203 1617 1269 1676; x_wconf 77' lang='grc' dir='ltr'><strong>ἀντὶ</strong></span> 
     </span>
     <span class='ocr_line' id='line_1_15' title="bbox 195 1683 1266 1782; baseline 0.004 -38"><span class='ocrx_word' id='word_1_106' title='bbox 195 1686 403 1777; x_wconf 54' lang='grc' dir='ltr'><strong><em>τοότον,ἄλλον</em></strong></span> <span class='ocrx_word' id='word_1_107' title='bbox 421 1693 519 1773; x_wconf 74' lang='grc' dir='ltr'><strong><em>στίχον</em></strong></span> <span class='ocrx_word' id='word_1_108' title='bbox 533 1691 738 1775; x_wconf 30' lang='grc' dir='ltr'><strong><em>παρατίθετιαι·</em></strong></span> <span class='ocrx_word' id='word_1_109' title='bbox 763 1687 793 1775; x_wconf 69' lang='lat' dir='ltr'><strong>pi</strong></span> <span class='ocrx_word' id='word_1_110' title='bbox 809 1683 834 1776; x_wconf 54' lang='grc' dir='ltr'><strong>τί</strong></span> <span class='ocrx_word' id='word_1_111' title='bbox 856 1685 885 1754; x_wconf 74' lang='grc' dir='ltr'><strong>ἐξ</strong></span> <span class='ocrx_word' id='word_1_112' title='bbox 904 1685 1061 1744; x_wconf 78' lang='grc' dir='ltr'><strong><em>ἀθανάτων</em></strong></span> <span class='ocrx_word' id='word_1_113' title='bbox 1078 1691 1183 1760; x_wconf 76' lang='grc' dir='ltr'><strong><em>θνητοὶ</em></strong></span> <span class='ocrx_word' id='word_1_114' title='bbox 1200 1689 1266 1782; x_wconf 64' lang='lat' dir='ltr'><strong>ppo}-</strong></span> 
     </span>
     <span class='ocr_line' id='line_1_16' title="bbox 195 1756 1270 1908; baseline 0.003 -22"><span class='ocrx_word' id='word_1_115' title='bbox 195 1779 251 1886; x_wconf 74' lang='lat' dir='ltr'><strong>a</strong></span> <span class='ocrx_word' id='word_1_116' title='bbox 264 1756 1270 1908; x_wconf 58' lang='grc' dir='ltr'><strong>καίτοικαίτοιμίαναλιαίιιαια..αα</strong></span> 
     </span>
     <span class='ocr_line' id='line_1_17' title="bbox 195 1901 1268 1974; baseline 0.004 -18"><span class='ocrx_word' id='word_1_117' title='bbox 195 1909 286 1970; x_wconf 75' lang='grc' dir='ltr'><strong><em>ποιεῖς</em></strong></span> <span class='ocrx_word' id='word_1_118' title='bbox 310 1902 414 1956; x_wconf 87' lang='lat' dir='ltr'><strong>Mirum</strong></span> <span class='ocrx_word' id='word_1_119' title='bbox 432 1901 487 1957; x_wconf 92' lang='lat' dir='ltr'><strong>hoc</strong></span> <span class='ocrx_word' id='word_1_120' title='bbox 505 1903 580 1956; x_wconf 86' lang='lat' dir='ltr'><strong>esset</strong></span> <span class='ocrx_word' id='word_1_121' title='bbox 597 1901 756 1970; x_wconf 88' lang='lat' dir='ltr'><strong>exemplum</strong></span> <span class='ocrx_word' id='word_1_122' title='bbox 775 1903 926 1957; x_wconf 85' lang='lat' dir='ltr'><strong>commenti</strong></span> <span class='ocrx_word' id='word_1_123' title='bbox 944 1903 1063 1958; x_wconf 88' lang='lat' dir='ltr'><strong>alicuius</strong></span> <span class='ocrx_word' id='word_1_124' title='bbox 1081 1906 1268 1974; x_wconf 81' lang='lat' dir='ltr'><strong>grammatici,</strong></span> 
     </span>
     <span class='ocr_line' id='line_1_18' title="bbox 195 1972 1267 2042; baseline 0.004 -14"><span class='ocrx_word' id='word_1_125' title='bbox 195 1973 220 2028; x_wconf 89' lang='lat' dir='ltr'><strong>si</strong></span> <span class='ocrx_word' id='word_1_126' title='bbox 238 1973 298 2042; x_wconf 91' lang='lat' dir='ltr'><strong>ipse</strong></span> <span class='ocrx_word' id='word_1_127' title='bbox 318 1972 414 2027; x_wconf 85' lang='lat' dir='ltr'><strong>Crates</strong></span> <span class='ocrx_word' id='word_1_128' title='bbox 434 1974 507 2026; x_wconf 91' lang='lat' dir='ltr'><strong>hunc</strong></span> <span class='ocrx_word' id='word_1_129' title='bbox 529 1989 641 2027; x_wconf 86' lang='lat' dir='ltr'><strong>versum</strong></span> <span class='ocrx_word' id='word_1_130' title='bbox 661 1973 832 2042; x_wconf 70' lang='lat' dir='ltr'><strong>composuit,</strong></span> <span class='ocrx_word' id='word_1_131' title='bbox 851 1974 883 2027; x_wconf 88' lang='lat' dir='ltr'><strong>ut</strong></span> <span class='ocrx_word' id='word_1_132' title='bbox 905 1973 965 2028; x_wconf 88' lang='lat' dir='ltr'><strong>labi</strong></span> <span class='ocrx_word' id='word_1_133' title='bbox 982 1974 1140 2030; x_wconf 88' lang='lat' dir='ltr'><strong>Hesiodeae</strong></span> <span class='ocrx_word' id='word_1_134' title='bbox 1158 1994 1267 2032; x_wconf 90' lang='lat' dir='ltr'><strong>succur-</strong></span> 
     </span>
     <span class='ocr_line' id='line_1_19' title="bbox 194 2041 1268 2118; baseline 0.005 -21"><span class='ocrx_word' id='word_1_135' title='bbox 194 2047 277 2098; x_wconf 89' lang='lat' dir='ltr'><strong>reret.</strong></span> <span class='ocrx_word' id='word_1_136' title='bbox 314 2045 419 2099; x_wconf 90' lang='lat' dir='ltr'><strong>Varum</strong></span> <span class='ocrx_word' id='word_1_137' title='bbox 436 2043 507 2097; x_wconf 84' lang='lat' dir='ltr'><strong>talia</strong></span> <span class='ocrx_word' id='word_1_138' title='bbox 521 2060 619 2097; x_wconf 88' lang='lat' dir='ltr'><strong>ausum</strong></span> <span class='ocrx_word' id='word_1_139' title='bbox 634 2059 695 2099; x_wconf 90' lang='lat' dir='ltr'><strong>esse</strong></span> <span class='ocrx_word' id='word_1_140' title='bbox 710 2041 871 2099; x_wconf 82' lang='lat' dir='ltr'><strong>Grateteum</strong></span> <span class='ocrx_word' id='word_1_141' title='bbox 885 2045 962 2099; x_wconf 90' lang='lat' dir='ltr'><strong>iecur</strong></span> <span class='ocrx_word' id='word_1_142' title='bbox 974 2047 1090 2114; x_wconf 85' lang='lat' dir='ltr'><strong>propter</strong></span> <span class='ocrx_word' id='word_1_143' title='bbox 1105 2048 1268 2118; x_wconf 76' lang='lat' dir='ltr'><strong>catalogum</strong></span> 
     </span>
     <span class='ocr_line' id='line_1_20' title="bbox 193 2113 1268 2184; baseline 0.005 -16"><span class='ocrx_word' id='word_1_144' title='bbox 193 2115 362 2170; x_wconf 84' lang='lat' dir='ltr'><strong>feminarum</strong></span> <span class='ocrx_word' id='word_1_145' title='bbox 384 2131 467 2169; x_wconf 92' lang='lat' dir='ltr'><strong>nemo</strong></span> <span class='ocrx_word' id='word_1_146' title='bbox 489 2113 573 2168; x_wconf 89' lang='lat' dir='ltr'><strong>facile</strong></span> <span class='ocrx_word' id='word_1_147' title='bbox 597 2114 668 2169; x_wconf 91' lang='lat' dir='ltr'><strong>mihi</strong></span> <span class='ocrx_word' id='word_1_148' title='bbox 688 2116 865 2184; x_wconf 83' lang='lat' dir='ltr'><strong>persuadeat.</strong></span> <span class='ocrx_word' id='word_1_149' title='bbox 901 2115 1050 2170; x_wconf 86' lang='lat' dir='ltr'><strong>Imo&#39;vero</strong></span> <span class='ocrx_word' id='word_1_150' title='bbox 1069 2116 1141 2171; x_wconf 89' lang='lat' dir='ltr'><strong>alius</strong></span> <span class='ocrx_word' id='word_1_151' title='bbox 1160 2120 1203 2172; x_wconf 90' lang='lat' dir='ltr'><strong>est</strong></span> <span class='ocrx_word' id='word_1_152' title='bbox 1220 2119 1268 2174; x_wconf 91' lang='lat' dir='ltr'><strong>hic</strong></span> 
     </span>
     <span class='ocr_line' id='line_1_21' title="bbox 194 2184 1267 2255; baseline 0.004 -16"><span class='ocrx_word' id='word_1_153' title='bbox 194 2201 289 2240; x_wconf 88' lang='lat' dir='ltr'><strong>versus</strong></span> <span class='ocrx_word' id='word_1_154' title='bbox 313 2185 447 2255; x_wconf 74' lang='lat' dir='ltr'>antiquae</span> <span class='ocrx_word' id='word_1_155' title='bbox 470 2185 655 2253; x_wconf 73' lang='lat' dir='ltr'><strong>recensionis,</strong></span> <span class='ocrx_word' id='word_1_156' title='bbox 683 2184 829 2255; x_wconf 73' lang='lat' dir='ltr'><strong>pertinens</strong></span> <span class='ocrx_word' id='word_1_157' title='bbox 851 2186 888 2240; x_wconf 85' lang='lat' dir='ltr'><strong>ad</strong></span> <span class='ocrx_word' id='word_1_158' title='bbox 905 2203 931 2241; x_wconf 89' lang='lat' dir='ltr'><strong>v.</strong></span> <span class='ocrx_word' id='word_1_159' title='bbox 952 2191 1016 2253; x_wconf 84' lang='grc'><strong>142,</strong></span> <span class='ocrx_word' id='word_1_160' title='bbox 1039 2188 1072 2239; x_wconf 88' lang='lat' dir='ltr'><strong>ut</strong></span> <span class='ocrx_word' id='word_1_161' title='bbox 1088 2190 1165 2242; x_wconf 88' lang='lat' dir='ltr'><strong>recte</strong></span> <span class='ocrx_word' id='word_1_162' title='bbox 1183 2188 1267 2245; x_wconf 87' lang='lat' dir='ltr'><strong>intel-</strong></span> 
     </span>
     <span class='ocr_line' id='line_1_22' title="bbox 194 2255 1266 2328; baseline 0.005 -19"><span class='ocrx_word' id='word_1_163' title='bbox 194 2255 323 2311; x_wconf 85' lang='lat' dir='ltr'><strong>lexerunt</strong></span> <span class='ocrx_word' id='word_1_164' title='bbox 337 2257 424 2312; x_wconf 87' lang='lat' dir='ltr'><strong>etiam</strong></span> <span class='ocrx_word' id='word_1_165' title='bbox 444 2256 473 2310; x_wconf 86' lang='lat' dir='ltr'><strong>C.</strong></span> <span class='ocrx_word' id='word_1_166' title='bbox 491 2256 725 2312; x_wconf 89' lang='lat' dir='ltr'><strong>Wachsmuth.</strong></span> <span class='ocrx_word' id='word_1_167' title='bbox 745 2256 780 2310; x_wconf 89' lang='lat' dir='ltr'><strong>de</strong></span> <span class='ocrx_word' id='word_1_168' title='bbox 800 2257 913 2312; x_wconf 84' lang='lat' dir='ltr'><strong>Cratete</strong></span> <span class='ocrx_word' id='word_1_169' title='bbox 932 2257 1050 2310; x_wconf 87' lang='lat' dir='ltr'><strong>Mallota</strong></span> <span class='ocrx_word' id='word_1_170' title='bbox 1067 2275 1095 2325; x_wconf 87' lang='lat' dir='ltr'><strong>p.</strong></span> <span class='ocrx_word' id='word_1_171' title='bbox 1115 2263 1149 2312; x_wconf 89' lang='grc'><strong>28</strong></span> <span class='ocrx_word' id='word_1_172' title='bbox 1162 2262 1220 2313; x_wconf 90' lang='lat' dir='ltr'><strong>not.</strong></span> <span class='ocrx_word' id='word_1_173' title='bbox 1241 2267 1266 2328; x_wconf 93' lang='lat'><strong>1,</strong></span> 
     </span>
    </p>
   </div>
   <div class='ocr_carea' id='block_1_4' title="bbox 195 2325 1337 2466">
    <p class='ocr_par' dir='ltr' id='par_1_9' title="bbox 195 2325 1337 2466">
     <span class='ocr_line' id='line_1_23' title="bbox 195 2325 1337 2398; baseline 0.003 -17"><span class='ocrx_word' id='word_1_174' title='bbox 195 2327 437 2396; x_wconf 72' lang='lat' dir='ltr'><strong>Pa1.,Koeohl.</strong></span> <span class='ocrx_word' id='word_1_175' title='bbox 465 2328 613 2382; x_wconf 85' lang='lat' dir='ltr'><strong>Schoem.</strong></span> <span class='ocrx_word' id='word_1_176' title='bbox 638 2329 733 2382; x_wconf 89' lang='lat' dir='ltr'><strong>autem</strong></span> <span class='ocrx_word' id='word_1_177' title='bbox 757 2344 801 2396; x_wconf 90' lang='lat' dir='ltr'><strong>op.</strong></span> <span class='ocrx_word' id='word_1_178' title='bbox 825 2328 851 2381; x_wconf 89' lang='lat' dir='ltr'>H</span> <span class='ocrx_word' id='word_1_179' title='bbox 874 2345 901 2396; x_wconf 89' lang='lat' dir='ltr'><strong>p.</strong></span> <span class='ocrx_word' id='word_1_180' title='bbox 926 2332 979 2380; x_wconf 82' lang='lat'><strong>534</strong></span> <span class='ocrx_word' id='word_1_181' title='bbox 1001 2325 1058 2380; x_wconf 90' lang='lat' dir='ltr'><strong>illis</strong></span> <span class='ocrx_word' id='word_1_182' title='bbox 1081 2329 1264 2398; x_wconf 78' lang='lat' dir='ltr'><strong>argumentis,</strong></span> <span class='ocrx_word' id='word_1_183' title='bbox 1335 2345 1337 2350; x_wconf 76' lang='grc'>’</span> 
     </span>
     <span class='ocr_line' id='line_1_24' title="bbox 195 2396 1337 2466; baseline 0.003 -13"><span class='ocrx_word' id='word_1_184' title='bbox 195 2415 267 2466; x_wconf 88' lang='lat' dir='ltr'><strong>quae</strong></span> <span class='ocrx_word' id='word_1_185' title='bbox 296 2398 392 2454; x_wconf 83' lang='lat' dir='ltr'><strong>attulit</strong></span> <span class='ocrx_word' id='word_1_186' title='bbox 418 2398 699 2453; x_wconf 86' lang='lat' dir='ltr'><strong>Marckscheffel.</strong></span> <span class='ocrx_word' id='word_1_187' title='bbox 723 2398 789 2453; x_wconf 89' lang='lat' dir='ltr'><strong>Hos.</strong></span> <span class='ocrx_word' id='word_1_188' title='bbox 812 2397 845 2452; x_wconf 89' lang='lat' dir='ltr'><strong>fr.</strong></span> <span class='ocrx_word' id='word_1_189' title='bbox 873 2415 900 2466; x_wconf 92' lang='lat' dir='ltr'><strong>p.</strong></span> <span class='ocrx_word' id='word_1_190' title='bbox 927 2402 993 2465; x_wconf 83' lang='lat'><strong>126,</strong></span> <span class='ocrx_word' id='word_1_191' title='bbox 1023 2396 1161 2453; x_wconf 84' lang='lat' dir='ltr'><strong>adductus</strong></span> <span class='ocrx_word' id='word_1_192' title='bbox 1190 2400 1267 2456; x_wconf 87' lang='lat' dir='ltr'><strong>huno</strong></span> <span class='ocrx_word' id='word_1_193' title='bbox 1327 2399 1337 2416; x_wconf 77' lang='lat'>⁸</span> 
     </span>
    </p>
   </div>
   <div class='ocr_carea' id='block_1_5' title="bbox 194 2467 1267 2823">
    <p class='ocr_par' dir='ltr' id='par_1_10' title="bbox 194 2467 1267 2823">
     <span class='ocr_line' id='line_1_25' title="bbox 194 2467 1267 2539; baseline 0.002 -15"><span class='ocrx_word' id='word_1_194' title='bbox 194 2487 306 2524; x_wconf 87' lang='lat' dir='ltr'><strong>versum</strong></span> <span class='ocrx_word' id='word_1_195' title='bbox 330 2470 460 2539; x_wconf 78' lang='lat' dir='ltr'><strong>opinatus</strong></span> <span class='ocrx_word' id='word_1_196' title='bbox 484 2472 527 2524; x_wconf 86' lang='lat' dir='ltr'><strong>est</strong></span> <span class='ocrx_word' id='word_1_197' title='bbox 549 2469 693 2525; x_wconf 81' lang='lat' dir='ltr'><strong>Cratetem</strong></span> <span class='ocrx_word' id='word_1_198' title='bbox 716 2485 731 2524; x_wconf 91' lang='lat' dir='ltr'><strong>e</strong></span> <span class='ocrx_word' id='word_1_199' title='bbox 755 2469 885 2538; x_wconf 84' lang='lat' dir='ltr'><strong>catalogo</strong></span> <span class='ocrx_word' id='word_1_200' title='bbox 903 2467 1043 2522; x_wconf 86' lang='lat' dir='ltr'><strong>Hesiodeo</strong></span> <span class='ocrx_word' id='word_1_201' title='bbox 1061 2468 1149 2525; x_wconf 88' lang='lat' dir='ltr'><strong>citare</strong></span> <span class='ocrx_word' id='word_1_202' title='bbox 1167 2473 1200 2525; x_wconf 91' lang='lat' dir='ltr'><strong>ut</strong></span> <span class='ocrx_word' id='word_1_203' title='bbox 1218 2472 1267 2526; x_wconf 89' lang='lat' dir='ltr'><strong>de-</strong></span> 
     </span>
     <span class='ocr_line' id='line_1_26' title="bbox 194 2539 1265 2610; baseline 0.004 -16"><span class='ocrx_word' id='word_1_204' title='bbox 194 2543 377 2607; x_wconf 79' lang='lat' dir='ltr'><strong>monstraret,</strong></span> <span class='ocrx_word' id='word_1_205' title='bbox 405 2543 543 2610; x_wconf 86' lang='lat' dir='ltr'><strong>quantum</strong></span> <span class='ocrx_word' id='word_1_206' title='bbox 565 2543 651 2610; x_wconf 89' lang='lat' dir='ltr'><strong>poeta</strong></span> <span class='ocrx_word' id='word_1_207' title='bbox 676 2541 737 2610; x_wconf 86' lang='lat' dir='ltr'><strong>ipse</strong></span> <span class='ocrx_word' id='word_1_208' title='bbox 756 2539 810 2594; x_wconf 89' lang='lat' dir='ltr'><strong>sibi</strong></span> <span class='ocrx_word' id='word_1_209' title='bbox 828 2555 985 2609; x_wconf 80' lang='lat' dir='ltr'><strong>repugnare</strong></span> <span class='ocrx_word' id='word_1_210' title='bbox 1003 2544 1106 2608; x_wconf 86' lang='lat' dir='ltr'><strong>posset.</strong></span> <span class='ocrx_word' id='word_1_211' title='bbox 1144 2540 1211 2609; x_wconf 84' lang='lat' dir='ltr'><strong>(Sed</strong></span> <span class='ocrx_word' id='word_1_212' title='bbox 1231 2543 1265 2598; x_wconf 84' lang='lat' dir='ltr'><strong>cf.</strong></span> 
     </span>
     <span class='ocr_line' id='line_1_27' title="bbox 196 2609 1266 2681; baseline 0.004 -15"><span class='ocrx_word' id='word_1_213' title='bbox 196 2612 323 2667; x_wconf 85' lang='lat' dir='ltr'><strong>Schoom.</strong></span> <span class='ocrx_word' id='word_1_214' title='bbox 352 2612 459 2681; x_wconf 82' lang='lat' dir='ltr'><strong>Theog.</strong></span> <span class='ocrx_word' id='word_1_215' title='bbox 482 2631 509 2680; x_wconf 88' lang='lat' dir='ltr'><strong>p.</strong></span> <span class='ocrx_word' id='word_1_216' title='bbox 534 2617 585 2666; x_wconf 81' lang='lat'><strong>105</strong></span> <span class='ocrx_word' id='word_1_217' title='bbox 608 2613 679 2680; x_wconf 90' lang='lat' dir='ltr'><strong>not.)</strong></span> <span class='ocrx_word' id='word_1_218' title='bbox 702 2610 736 2664; x_wconf 88' lang='lat' dir='ltr'><strong>V.</strong></span> <span class='ocrx_word' id='word_1_219' title='bbox 762 2616 903 2666; x_wconf 86' lang='grc'>142-146</span> <span class='ocrx_word' id='word_1_220' title='bbox 926 2613 960 2664; x_wconf 93' lang='lat' dir='ltr'><strong>ut</strong></span> <span class='ocrx_word' id='word_1_221' title='bbox 980 2609 1090 2679; x_wconf 88' lang='lat' dir='ltr'><strong>spurios</strong></span> <span class='ocrx_word' id='word_1_222' title='bbox 1117 2610 1200 2668; x_wconf 87' lang='lat' dir='ltr'><strong>eiecit</strong></span> <span class='ocrx_word' id='word_1_223' title='bbox 1223 2613 1266 2672; x_wconf 83' lang='lat' dir='ltr'><strong>FI.</strong></span> 
     </span>
     <span class='ocr_line' id='line_1_28' title="bbox 195 2680 1265 2754; baseline 0.001 -17"><span class='ocrx_word' id='word_1_224' title='bbox 195 2680 236 2737; x_wconf 81' lang='lat' dir='ltr'><strong>cf.</strong></span> <span class='ocrx_word' id='word_1_225' title='bbox 257 2683 391 2752; x_wconf 81' lang='lat' dir='ltr'><strong>System</strong></span> <span class='ocrx_word' id='word_1_226' title='bbox 409 2701 436 2750; x_wconf 92' lang='lat' dir='ltr'><strong>p.</strong></span> <span class='ocrx_word' id='word_1_227' title='bbox 460 2689 502 2738; x_wconf 81' lang='grc'><strong>27.</strong></span> <span class='ocrx_word' id='word_1_228' title='bbox 523 2689 663 2737; x_wconf 83' lang='grc'>144-140</span> <span class='ocrx_word' id='word_1_229' title='bbox 689 2681 817 2737; x_wconf 80' lang='lat' dir='ltr'><strong>Goettl.</strong></span> <span class='ocrx_word' id='word_1_230' title='bbox 841 2681 912 2735; x_wconf 91' lang='lat' dir='ltr'><strong>Pal.</strong></span> <span class='ocrx_word' id='word_1_231' title='bbox 931 2681 1046 2751; x_wconf 76' lang='lat' dir='ltr'><strong>Wolf,</strong></span> <span class='ocrx_word' id='word_1_232' title='bbox 1075 2688 1127 2737; x_wconf 90' lang='grc'><strong>142</strong></span> <span class='ocrx_word' id='word_1_233' title='bbox 1146 2684 1265 2754; x_wconf 83' lang='lat' dir='ltr'><strong>Welck,</strong></span> 
     </span>
     <span class='ocr_line' id='line_1_29' title="bbox 197 2747 1009 2823; baseline -0.002 -15"><span class='ocrx_word' id='word_1_234' title='bbox 197 2759 337 2808; x_wconf 79' lang='lat'>144—145</span> <span class='ocrx_word' id='word_1_235' title='bbox 357 2753 456 2807; x_wconf 82' lang='lat' dir='ltr'><strong>Weia</strong></span> <span class='ocrx_word' id='word_1_236' title='bbox 476 2783 510 2793; x_wconf 85' lang='lat'>-</span> <span class='ocrx_word' id='word_1_237' title='bbox 530 2749 736 2823; x_wconf 73' lang='grc' dir='ltr'><strong><em>ἐναλίγκιοι]</em></strong></span> <span class='ocrx_word' id='word_1_238' title='bbox 756 2753 821 2807; x_wconf 71' lang='lat' dir='ltr'><strong>Vct.</strong></span> <span class='ocrx_word' id='word_1_239' title='bbox 842 2747 1009 2821; x_wconf 75' lang='grc' dir='ltr'><strong><em>ἐναλίγκιον.</em></strong></span> 
     </span>
    </p>
   </div>
   <div class='ocr_carea' id='block_1_6' title="bbox 193 2942 1265 3584">
    <p class='ocr_par' dir='ltr' id='par_1_11' title="bbox 193 2942 1265 3584">
     <span class='ocr_line' id='line_1_30' title="bbox 195 2942 1263 3017; baseline 0 -15"><span class='ocrx_word' id='word_1_240' title='bbox 195 2948 283 3003; x_wconf 85' lang='lat' dir='ltr'><strong>habet</strong></span> <span class='ocrx_word' id='word_1_241' title='bbox 309 2947 451 3002; x_wconf 82' lang='lat' dir='ltr'><strong>Cererem:</strong></span> <span class='ocrx_word' id='word_1_242' title='bbox 480 2943 623 3017; x_wconf 76' lang='grc' dir='ltr'><strong><em>οὔτεγὰρ</em></strong></span> <span class='ocrx_word' id='word_1_243' title='bbox 649 2942 698 3002; x_wconf 77' lang='grc' dir='ltr'><strong>ἀπ’</strong></span> <span class='ocrx_word' id='word_1_244' title='bbox 753 2946 848 3002; x_wconf 86' lang='lat' dir='ltr'><strong>Secuti</strong></span> <span class='ocrx_word' id='word_1_245' title='bbox 872 2949 937 3001; x_wconf 88' lang='lat' dir='ltr'><strong>sunt</strong></span> <span class='ocrx_word' id='word_1_246' title='bbox 963 2945 1095 3015; x_wconf 70' lang='lat' dir='ltr'><strong>Wolf,</strong></span> <span class='ocrx_word' id='word_1_247' title='bbox 1130 2949 1263 3016; x_wconf 76' lang='lat' dir='ltr'><strong>Herm,</strong></span> 
     </span>
     <span class='ocr_line' id='line_1_31' title="bbox 197 3014 1264 3088; baseline 0 -15"><span class='ocrx_word' id='word_1_248' title='bbox 197 3014 330 3088; x_wconf 75' lang='grc' dir='ltr'><strong><em>Οὐρανοῦ</em></strong></span> <span class='ocrx_word' id='word_1_249' title='bbox 344 3017 457 3086; x_wconf 80' lang='grc' dir='ltr'><strong><em>καὶτῆς</em></strong></span> <span class='ocrx_word' id='word_1_250' title='bbox 471 3018 590 3088; x_wconf 81' lang='grc' dir='ltr'><strong><em>μητέρος</em></strong></span> <span class='ocrx_word' id='word_1_251' title='bbox 609 3014 698 3073; x_wconf 79' lang='grc' dir='ltr'><strong><em>αότοό</em></strong></span> <span class='ocrx_word' id='word_1_252' title='bbox 753 3017 869 3085; x_wconf 70' lang='grc' dir='ltr'><strong><em>(λοίελ,</em></strong></span> <span class='ocrx_word' id='word_1_253' title='bbox 888 3016 1106 3087; x_wconf 85' lang='lat' dir='ltr'><strong>Dind.,Wcis.</strong></span> <span class='ocrx_word' id='word_1_254' title='bbox 1132 3020 1188 3074; x_wconf 83' lang='lat' dir='ltr'><strong>Sed</strong></span> <span class='ocrx_word' id='word_1_255' title='bbox 1207 3037 1264 3073; x_wconf 91' lang='lat' dir='ltr'><strong>non</strong></span> 
     </span>
     <span class='ocr_line' id='line_1_32' title="bbox 196 3084 1264 3160; baseline 0 -16"><span class='ocrx_word' id='word_1_256' title='bbox 196 3091 255 3158; x_wconf 74' lang='grc' dir='ltr'><strong><em>Γῆς</em></strong></span> <span class='ocrx_word' id='word_1_257' title='bbox 282 3085 416 3159; x_wconf 86' lang='grc' dir='ltr'><strong><em>γεγόνασι</em></strong></span> <span class='ocrx_word' id='word_1_258' title='bbox 448 3092 550 3152; x_wconf 77' lang='grc' dir='ltr'><strong><em>παῖδες</em></strong></span> <span class='ocrx_word' id='word_1_259' title='bbox 577 3084 699 3158; x_wconf 74' lang='grc' dir='ltr'><strong><em>δώδεκα,</em></strong></span> <span class='ocrx_word' id='word_1_260' title='bbox 753 3089 825 3144; x_wconf 87' lang='lat' dir='ltr'><strong>adeo</strong></span> <span class='ocrx_word' id='word_1_261' title='bbox 853 3089 1006 3143; x_wconf 83' lang='lat' dir='ltr'><strong>absurdum</strong></span> <span class='ocrx_word' id='word_1_262' title='bbox 1035 3090 1089 3145; x_wconf 91' lang='lat' dir='ltr'><strong>hoc</strong></span> <span class='ocrx_word' id='word_1_263' title='bbox 1118 3091 1264 3160; x_wconf 86' lang='lat' dir='ltr'><strong>epitheton</strong></span> 
     </span>
     <span class='ocr_line' id='line_1_33' title="bbox 195 3155 1264 3231; baseline 0.002 -17"><span class='ocrx_word' id='word_1_264' title='bbox 195 3158 232 3222; x_wconf 84' lang='grc' dir='ltr'><strong>ὡς</strong></span> <span class='ocrx_word' id='word_1_265' title='bbox 256 3155 271 3214; x_wconf 86' lang='grc' dir='ltr'>ὁ</span> <span class='ocrx_word' id='word_1_266' title='bbox 292 3160 386 3228; x_wconf 74' lang='grc' dir='ltr'><strong><em>μῦθος</em></strong></span> <span class='ocrx_word' id='word_1_267' title='bbox 405 3164 591 3231; x_wconf 72' lang='grc' dir='ltr'><strong><em>καταριθμεῖ,</em></strong></span> <span class='ocrx_word' id='word_1_268' title='bbox 615 3155 699 3230; x_wconf 81' lang='grc' dir='ltr'><strong><em>ἅρρε-</em></strong></span> <span class='ocrx_word' id='word_1_269' title='bbox 753 3158 1264 3230; x_wconf 74' lang='lat' dir='ltr'><strong>mihinidetur,imoaptissimumdeo,</strong></span> 
     </span>
     <span class='ocr_line' id='line_1_34' title="bbox 195 3225 1264 3301; baseline 0 -15"><span class='ocrx_word' id='word_1_270' title='bbox 195 3251 243 3293; x_wconf 86' lang='grc' dir='ltr'><strong>νες</strong></span> <span class='ocrx_word' id='word_1_271' title='bbox 261 3228 314 3300; x_wconf 73' lang='grc' dir='ltr'><strong>μὲν</strong></span> <span class='ocrx_word' id='word_1_272' title='bbox 330 3225 472 3299; x_wconf 77' lang='grc' dir='ltr'><strong><em>Ὠκεανός,</em></strong></span> <span class='ocrx_word' id='word_1_273' title='bbox 492 3236 585 3300; x_wconf 79' lang='grc' dir='ltr'><strong><em>Κοῖος,</em></strong></span> <span class='ocrx_word' id='word_1_274' title='bbox 604 3225 699 3301; x_wconf 86' lang='grc' dir='ltr'><strong><em>Κριός,</em></strong></span> <span class='ocrx_word' id='word_1_275' title='bbox 757 3231 807 3300; x_wconf 87' lang='lat' dir='ltr'><strong>qui</strong></span> <span class='ocrx_word' id='word_1_276' title='bbox 830 3247 878 3284; x_wconf 84' lang='lat' dir='ltr'><strong>sex</strong></span> <span class='ocrx_word' id='word_1_277' title='bbox 900 3231 974 3286; x_wconf 87' lang='lat' dir='ltr'><strong>filios</strong></span> <span class='ocrx_word' id='word_1_278' title='bbox 998 3231 1172 3301; x_wconf 87' lang='lat' dir='ltr'><strong>totidemque</strong></span> <span class='ocrx_word' id='word_1_279' title='bbox 1191 3232 1264 3287; x_wconf 88' lang='lat' dir='ltr'><strong>filias</strong></span> 
     </span>
     <span class='ocr_line' id='line_1_35' title="bbox 193 3297 1264 3384; baseline 0.002 -29"><span class='ocrx_word' id='word_1_280' title='bbox 193 3297 486 3372; x_wconf 66' lang='lat' dir='ltr'><strong>‘naeptev,&#39;1amo&#39;r,</strong></span> <span class='ocrx_word' id='word_1_281' title='bbox 506 3298 628 3372; x_wconf 86' lang='grc' dir='ltr'><strong><em>Κρόνος.</em></strong></span> <span class='ocrx_word' id='word_1_282' title='bbox 646 3297 702 3371; x_wconf 76' lang='grc' dir='ltr'><strong>θή-</strong></span> <span class='ocrx_word' id='word_1_283' title='bbox 756 3301 924 3384; x_wconf 83' lang='lat' dir='ltr'><strong>procreavit,</strong></span> <span class='ocrx_word' id='word_1_284' title='bbox 934 3301 1057 3356; x_wconf 88' lang='lat' dir='ltr'><strong>inditum</strong></span> <span class='ocrx_word' id='word_1_285' title='bbox 1065 3302 1140 3356; x_wconf 86' lang='lat' dir='ltr'><strong>illud</strong></span> <span class='ocrx_word' id='word_1_286' title='bbox 1148 3307 1264 3373; x_wconf 86' lang='lat' dir='ltr'><strong>propter</strong></span> 
     </span>
     <span class='ocr_line' id='line_1_36' title="bbox 196 3370 1265 3443; baseline 0.002 -17"><span class='ocrx_word' id='word_1_287' title='bbox 196 3376 269 3427; x_wconf 85' lang='grc' dir='ltr'><strong><em>λειαι</em></strong></span> <span class='ocrx_word' id='word_1_288' title='bbox 293 3370 325 3426; x_wconf 74' lang='grc' dir='ltr'><strong>δὲ</strong></span> <span class='ocrx_word' id='word_1_289' title='bbox 346 3375 431 3439; x_wconf 83' lang='grc' dir='ltr'><strong><em>Θεία,</em></strong></span> <span class='ocrx_word' id='word_1_290' title='bbox 457 3371 555 3443; x_wconf 79' lang='grc' dir='ltr'><strong><em>Θέμις,</em></strong></span> <span class='ocrx_word' id='word_1_291' title='bbox 584 3377 702 3443; x_wconf 87' lang='grc' dir='ltr'><strong><em>Μνημο-</em></strong></span> <span class='ocrx_word' id='word_1_292' title='bbox 755 3372 896 3442; x_wconf 80' lang='lat' dir='ltr'><strong>insignem</strong></span> <span class='ocrx_word' id='word_1_293' title='bbox 925 3373 983 3426; x_wconf 88' lang='lat' dir='ltr'><strong>vim</strong></span> <span class='ocrx_word' id='word_1_294' title='bbox 1010 3373 1180 3443; x_wconf 83' lang='lat' dir='ltr'><strong>genitalem,</strong></span> <span class='ocrx_word' id='word_1_295' title='bbox 1209 3389 1265 3442; x_wconf 86' lang='lat' dir='ltr'><strong>qua</strong></span> 
     </span>
     <span class='ocr_line' id='line_1_37' title="bbox 195 3439 1265 3514; baseline -0.001 -15"><span class='ocrx_word' id='word_1_296' title='bbox 195 3439 275 3513; x_wconf 84' lang='grc' dir='ltr'><strong><em>σόνη,</em></strong></span> <span class='ocrx_word' id='word_1_297' title='bbox 286 3439 429 3514; x_wconf 84' lang='grc' dir='ltr'><strong><em>Δημήτηρ,</em></strong></span> <span class='ocrx_word' id='word_1_298' title='bbox 442 3439 630 3513; x_wconf 68' lang='grc' dir='ltr'><strong><em>Τηθός,“Ρία.</em></strong></span> <span class='ocrx_word' id='word_1_299' title='bbox 658 3444 702 3498; x_wconf 90' lang='lat' dir='ltr'><strong>Ab</strong></span> <span class='ocrx_word' id='word_1_300' title='bbox 757 3444 851 3499; x_wconf 89' lang='lat' dir='ltr'><strong>deleta</strong></span> <span class='ocrx_word' id='word_1_301' title='bbox 883 3443 1012 3512; x_wconf 84' lang='lat' dir='ltr'><strong>reliquae</strong></span> <span class='ocrx_word' id='word_1_302' title='bbox 1043 3445 1131 3499; x_wconf 88' lang='lat' dir='ltr'><strong>totius</strong></span> <span class='ocrx_word' id='word_1_303' title='bbox 1167 3444 1265 3499; x_wconf 86' lang='lat' dir='ltr'><strong>mundi</strong></span> 
     </span>
     <span class='ocr_line' id='line_1_38' title="bbox 196 3512 1264 3584; baseline -0.002 -13"><span class='ocrx_word' id='word_1_304' title='bbox 196 3515 372 3584; x_wconf 82' lang='lat' dir='ltr'><strong>Stephano</strong></span> <span class='ocrx_word' id='word_1_305' title='bbox 390 3515 422 3572; x_wconf 92' lang='lat' dir='ltr'><strong>B.</strong></span> <span class='ocrx_word' id='word_1_306' title='bbox 437 3533 462 3568; x_wconf 91' lang='lat' dir='ltr'><strong>v.</strong></span> <span class='ocrx_word' id='word_1_307' title='bbox 476 3512 580 3570; x_wconf 75' lang='grc' dir='ltr'><strong><em>Ἄδανα</em></strong></span> <span class='ocrx_word' id='word_1_308' title='bbox 594 3515 702 3570; x_wconf 84' lang='lat' dir='ltr'><strong>addun—</strong></span> <span class='ocrx_word' id='word_1_309' title='bbox 757 3514 914 3570; x_wconf 76' lang='lat' dir='ltr'><strong>creationes</strong></span> <span class='ocrx_word' id='word_1_310' title='bbox 943 3514 1053 3569; x_wconf 87' lang='lat' dir='ltr'><strong>absolvi</strong></span> <span class='ocrx_word' id='word_1_311' title='bbox 1080 3517 1211 3584; x_wconf 85' lang='lat' dir='ltr'><strong>poterant</strong></span> <span class='ocrx_word' id='word_1_312' title='bbox 1229 3515 1264 3569; x_wconf 93' lang='lat' dir='ltr'><strong>V.</strong></span> 
     </span>
    </p>
   </div>
   <div class='ocr_carea' id='block_1_7' title="bbox 195 3582 1266 3656">
    <p class='ocr_par' dir='ltr' id='par_1_12' title="bbox 195 3582 1266 3656">
     <span class='ocr_line' id='line_1_39' title="bbox 195 3582 1266 3656; baseline -0.001 -15"><span class='ocrx_word' id='word_1_313' title='bbox 195 3589 242 3642; x_wconf 87' lang='lat' dir='ltr'><strong>tur</strong></span> <span class='ocrx_word' id='word_1_314' title='bbox 259 3586 386 3651; x_wconf 79' lang='lat' dir='ltr'><strong>Adanus,</strong></span> <span class='ocrx_word' id='word_1_315' title='bbox 410 3586 517 3655; x_wconf 87' lang='lat' dir='ltr'><strong>Andes,</strong></span> <span class='ocrx_word' id='word_1_316' title='bbox 537 3586 653 3641; x_wconf 89' lang='lat' dir='ltr'><strong>Ostasus</strong></span> <span class='ocrx_word' id='word_1_317' title='bbox 673 3586 703 3640; x_wconf 88' lang='lat' dir='ltr'><strong>et</strong></span> <span class='ocrx_word' id='word_1_318' title='bbox 757 3586 1141 3655; x_wconf 81' lang='lat' dir='ltr'><strong>Schoem.p.113,Flach.</strong></span> <span class='ocrx_word' id='word_1_319' title='bbox 1154 3582 1266 3656; x_wconf 73' lang='lat' dir='ltr'><strong>Syst&#39;em</strong></span> 
     </span>
    </p>
   </div>
   <div class='ocr_carea' id='block_1_8' title="bbox 194 3657 1266 4365">
    <p class='ocr_par' dir='ltr' id='par_1_13' title="bbox 194 3657 1266 4365">
     <span class='ocr_line' id='line_1_40' title="bbox 196 3657 845 3728; baseline -0.002 -15"><span class='ocrx_word' id='word_1_320' title='bbox 196 3657 359 3728; x_wconf 80' lang='lat' dir='ltr'><strong>Olymbrus,</strong></span> <span class='ocrx_word' id='word_1_321' title='bbox 382 3658 412 3712; x_wconf 86' lang='lat' dir='ltr'><strong>iu</strong></span> <span class='ocrx_word' id='word_1_322' title='bbox 436 3675 491 3727; x_wconf 86' lang='lat' dir='ltr'><strong>quo</strong></span> <span class='ocrx_word' id='word_1_323' title='bbox 514 3658 568 3713; x_wconf 92' lang='lat' dir='ltr'><strong>hoc</strong></span> <span class='ocrx_word' id='word_1_324' title='bbox 591 3657 702 3724; x_wconf 88' lang='lat' dir='ltr'><strong>mirum,</strong></span> <span class='ocrx_word' id='word_1_325' title='bbox 756 3675 783 3727; x_wconf 92' lang='lat' dir='ltr'><strong>p.</strong></span> <span class='ocrx_word' id='word_1_326' title='bbox 803 3663 845 3713; x_wconf 85' lang='grc'><strong>32.</strong></span> 
     </span>
     <span class='ocr_line' id='line_1_41' title="bbox 196 3725 1264 3798; baseline -0.002 -16"><span class='ocrx_word' id='word_1_327' title='bbox 196 3729 280 3797; x_wconf 88' lang='lat' dir='ltr'><strong>quod.</strong></span> <span class='ocrx_word' id='word_1_328' title='bbox 299 3725 397 3790; x_wconf 76' lang='grc' dir='ltr'><strong><em>Ἀνδας</em></strong></span> <span class='ocrx_word' id='word_1_329' title='bbox 425 3745 442 3782; x_wconf 92' lang='lat' dir='ltr'><strong>a</strong></span> <span class='ocrx_word' id='word_1_330' title='bbox 465 3729 617 3798; x_wconf 83' lang='lat' dir='ltr'><strong>Tyrrhenis</strong></span> <span class='ocrx_word' id='word_1_331' title='bbox 641 3727 702 3798; x_wconf 88' lang='grc' dir='ltr'><strong><em>(Ρε-</em></strong></span> <span class='ocrx_word' id='word_1_332' title='bbox 792 3728 826 3781; x_wconf 91' lang='lat' dir='ltr'><strong>V.</strong></span> <span class='ocrx_word' id='word_1_333' title='bbox 839 3733 899 3784; x_wconf 82' lang='lat'><strong>139.</strong></span> <span class='ocrx_word' id='word_1_334' title='bbox 914 3726 1264 3798; x_wconf 78' lang='lat' dir='ltr'><strong>PerperamGocttlingius</strong></span> 
     </span>
     <span class='ocr_line' id='line_1_42' title="bbox 194 3797 1261 3869; baseline -0.003 -15"><span class='ocrx_word' id='word_1_335' title='bbox 194 3799 296 3869; x_wconf 71' lang='lat' dir='ltr'><strong>largis)</strong></span> <span class='ocrx_word' id='word_1_336' title='bbox 330 3799 434 3854; x_wconf 79' lang='lat' dir='ltr'><strong>dicItur</strong></span> <span class='ocrx_word' id='word_1_337' title='bbox 466 3799 629 3868; x_wconf 85' lang='lat' dir='ltr'><strong>septentrio.</strong></span> <span class='ocrx_word' id='word_1_338' title='bbox 666 3799 700 3855; x_wconf 89' lang='lat' dir='ltr'><strong>V.</strong></span> <span class='ocrx_word' id='word_1_339' title='bbox 756 3797 786 3852; x_wconf 89' lang='lat' dir='ltr'><strong>in</strong></span> <span class='ocrx_word' id='word_1_340' title='bbox 813 3799 898 3853; x_wconf 87' lang='lat' dir='ltr'><strong>anim.</strong></span> <span class='ocrx_word' id='word_1_341' title='bbox 925 3799 963 3852; x_wconf 88' lang='lat' dir='ltr'><strong>ad</strong></span> <span class='ocrx_word' id='word_1_342' title='bbox 988 3817 1014 3852; x_wconf 90' lang='lat' dir='ltr'><strong>v.</strong></span> <span class='ocrx_word' id='word_1_343' title='bbox 1042 3804 1093 3852; x_wconf 79' lang='grc'><strong>001</strong></span> <span class='ocrx_word' id='word_1_344' title='bbox 1125 3797 1261 3866; x_wconf 78' lang='lat' dir='ltr'><strong>Cyclopes</strong></span> 
     </span>
     <span class='ocr_line' id='line_1_43' title="bbox 195 3869 1259 3938; baseline -0.004 -13"><span class='ocrx_word' id='word_1_345' title='bbox 195 3870 338 3938; x_wconf 80' lang='lat' dir='ltr'><strong>Hesych.</strong></span> <span class='ocrx_word' id='word_1_346' title='bbox 358 3889 379 3924; x_wconf 90' lang='lat' dir='ltr'><strong>s.</strong></span> <span class='ocrx_word' id='word_1_347' title='bbox 398 3889 424 3926; x_wconf 87' lang='lat' dir='ltr'><strong>v.</strong></span> <span class='ocrx_word' id='word_1_348' title='bbox 757 3887 775 3924; x_wconf 86' lang='lat' dir='ltr'><strong>a</strong></span> <span class='ocrx_word' id='word_1_349' title='bbox 793 3870 854 3924; x_wconf 89' lang='lat' dir='ltr'><strong>sola</strong></span> <span class='ocrx_word' id='word_1_350' title='bbox 871 3873 948 3928; x_wconf 77' lang='lat' dir='ltr'><strong>terra</strong></span> <span class='ocrx_word' id='word_1_351' title='bbox 971 3870 1048 3925; x_wconf 90' lang='lat' dir='ltr'><strong>ortos</strong></span> <span class='ocrx_word' id='word_1_352' title='bbox 1067 3885 1128 3924; x_wconf 87' lang='lat' dir='ltr'><strong>esse</strong></span> <span class='ocrx_word' id='word_1_353' title='bbox 1147 3869 1259 3923; x_wconf 85' lang='lat' dir='ltr'><strong>demon-</strong></span> 
     </span>
     <span class='ocr_line' id='line_1_44' title="bbox 231 3937 1263 4013; baseline -0.001 -18"><span class='ocrx_word' id='word_1_354' title='bbox 231 3942 346 3998; x_wconf 83' lang='lat' dir='ltr'><strong>V.1aa.</strong></span> <span class='ocrx_word' id='word_1_355' title='bbox 373 3937 540 4013; x_wconf 76' lang='grc' dir='ltr'><strong><em>θολερὸν]</em></strong></span> <span class='ocrx_word' id='word_1_356' title='bbox 557 3941 701 3997; x_wconf 87' lang='lat' dir='ltr'><strong>Scholion:</strong></span> <span class='ocrx_word' id='word_1_357' title='bbox 758 3942 846 3996; x_wconf 86' lang='lat' dir='ltr'><strong>strare</strong></span> <span class='ocrx_word' id='word_1_358' title='bbox 856 3942 972 3996; x_wconf 81' lang='lat' dir='ltr'><strong>conatus</strong></span> <span class='ocrx_word' id='word_1_359' title='bbox 982 3942 1034 3995; x_wconf 90' lang='lat' dir='ltr'><strong>est.</strong></span> <span class='ocrx_word' id='word_1_360' title='bbox 1059 3939 1263 3994; x_wconf 82' lang='lat' dir='ltr'><strong>Cf.Schoem.</strong></span> 
     </span>
     <span class='ocr_line' id='line_1_45' title="bbox 194 4006 1265 4084; baseline -0.004 -18"><span class='ocrx_word' id='word_1_361' title='bbox 194 4007 364 4082; x_wconf 75' lang='grc' dir='ltr'><strong><em>Ἀρίσταρχος</em></strong></span> <span class='ocrx_word' id='word_1_362' title='bbox 375 4007 597 4084; x_wconf 76' lang='grc' dir='ltr'><strong><em>ἐπιλαμβάνεται</em></strong></span> <span class='ocrx_word' id='word_1_363' title='bbox 616 4007 654 4075; x_wconf 75' lang='grc' dir='ltr'><strong>ὡς</strong></span> <span class='ocrx_word' id='word_1_364' title='bbox 668 4006 702 4066; x_wconf 77' lang='grc' dir='ltr'><strong>τί</strong></span> <span class='ocrx_word' id='word_1_365' title='bbox 757 4030 784 4082; x_wconf 92' lang='lat' dir='ltr'><strong>p.</strong></span> <span class='ocrx_word' id='word_1_366' title='bbox 802 4015 852 4065; x_wconf 88' lang='grc'><strong>104</strong></span> <span class='ocrx_word' id='word_1_367' title='bbox 870 4013 929 4066; x_wconf 88' lang='lat' dir='ltr'><strong>not.</strong></span> <span class='ocrx_word' id='word_1_368' title='bbox 949 4018 974 4065; x_wconf 88' lang='grc'><strong>2.</strong></span> <span class='ocrx_word' id='word_1_369' title='bbox 1016 4010 1131 4065; x_wconf 83' lang='lat' dir='ltr'><strong>Flach.</strong></span> <span class='ocrx_word' id='word_1_370' title='bbox 1151 4009 1265 4078; x_wconf 83' lang='lat' dir='ltr'><strong>Systcm</strong></span> 
     </span>
     <span class='ocr_line' id='line_1_46' title="bbox 195 4081 1249 4172; baseline -0.004 -34"><span class='ocrx_word' id='word_1_371' title='bbox 195 4083 288 4145; x_wconf 76' lang='grc' dir='ltr'><strong><em>καλῶς</em></strong></span> <span class='ocrx_word' id='word_1_372' title='bbox 296 4084 346 4137; x_wconf 76' lang='grc' dir='ltr'><strong>τοῦ</strong></span> <span class='ocrx_word' id='word_1_373' title='bbox 361 4081 553 4172; x_wconf 65' lang='grc' dir='ltr'><strong><em>πρεσρντίροο</em></strong></span> <span class='ocrx_word' id='word_1_374' title='bbox 568 4081 702 4152; x_wconf 78' lang='grc' dir='ltr'><strong><em>Οόρανοῦ</em></strong></span> <span class='ocrx_word' id='word_1_375' title='bbox 757 4100 785 4151; x_wconf 89' lang='lat' dir='ltr'><strong>p.</strong></span> <span class='ocrx_word' id='word_1_376' title='bbox 805 4088 849 4136; x_wconf 84' lang='lat'><strong>33.</strong></span> <span class='ocrx_word' id='word_1_377' title='bbox 1243 4149 1249 4160; x_wconf 43' lang='lat'><strong>·</strong></span> 
     </span>
     <span class='ocr_line' id='line_1_47' title="bbox 195 4150 1263 4224; baseline -0.005 -15"><span class='ocrx_word' id='word_1_378' title='bbox 195 4155 322 4223; x_wconf 70' lang='grc' dir='ltr'><strong><em>θολεροῦ</em></strong></span> <span class='ocrx_word' id='word_1_379' title='bbox 342 4152 501 4224; x_wconf 82' lang='grc' dir='ltr'><strong><em>εἰρημενον.</em></strong></span> <span class='ocrx_word' id='word_1_380' title='bbox 543 4154 702 4209; x_wconf 85' lang='lat' dir='ltr'><strong>Ruhnke-</strong></span> <span class='ocrx_word' id='word_1_381' title='bbox 738 4163 741 4168; x_wconf 89' lang='lat'>&#39;</span> <span class='ocrx_word' id='word_1_382' title='bbox 793 4152 826 4207; x_wconf 87' lang='lat' dir='ltr'><strong>V.</strong></span> <span class='ocrx_word' id='word_1_383' title='bbox 847 4157 907 4206; x_wconf 86' lang='grc'>140.</span> <span class='ocrx_word' id='word_1_384' title='bbox 944 4153 1043 4222; x_wconf 76' lang='lat' dir='ltr'><strong>Auges,</strong></span> <span class='ocrx_word' id='word_1_385' title='bbox 1062 4151 1111 4220; x_wconf 91' lang='lat' dir='ltr'><strong>qui</strong></span> <span class='ocrx_word' id='word_1_386' title='bbox 1128 4151 1175 4205; x_wconf 90' lang='lat' dir='ltr'><strong>hic</strong></span> <span class='ocrx_word' id='word_1_387' title='bbox 1194 4150 1263 4205; x_wconf 89' lang='lat' dir='ltr'><strong>dicr-</strong></span> 
     </span>
     <span class='ocr_line' id='line_1_48' title="bbox 195 4221 1264 4294; baseline -0.002 -16"><span class='ocrx_word' id='word_1_388' title='bbox 195 4226 272 4280; x_wconf 90' lang='lat' dir='ltr'><strong>nius</strong></span> <span class='ocrx_word' id='word_1_389' title='bbox 299 4226 392 4280; x_wconf 88' lang='lat' dir='ltr'><strong>totum</strong></span> <span class='ocrx_word' id='word_1_390' title='bbox 415 4241 538 4290; x_wconf 88' lang='lat' dir='ltr'><strong>versum,</strong></span> <span class='ocrx_word' id='word_1_391' title='bbox 566 4225 703 4294; x_wconf 85' lang='lat' dir='ltr'><strong>probante</strong></span> <span class='ocrx_word' id='word_1_392' title='bbox 756 4225 811 4290; x_wconf 83' lang='lat' dir='ltr'><strong>tun,</strong></span> <span class='ocrx_word' id='word_1_393' title='bbox 830 4223 1044 4278; x_wconf 83' lang='lat' dir='ltr'><strong>NonnoDIon.</strong></span> <span class='ocrx_word' id='word_1_394' title='bbox 1059 4221 1186 4289; x_wconf 88' lang='lat' dir='ltr'><strong>XXVIII,</strong></span> <span class='ocrx_word' id='word_1_395' title='bbox 1203 4228 1264 4277; x_wconf 79' lang='grc'>174.</span> 
     </span>
     <span class='ocr_line' id='line_1_49' title="bbox 196 4288 1266 4365; baseline -0.001 -16"><span class='ocrx_word' id='word_1_396' title='bbox 196 4296 342 4365; x_wconf 86' lang='lat' dir='ltr'><strong>Heynio,</strong></span> <span class='ocrx_word' id='word_1_397' title='bbox 366 4295 448 4351; x_wconf 89' lang='lat' dir='ltr'><strong>obelo</strong></span> <span class='ocrx_word' id='word_1_398' title='bbox 472 4295 585 4350; x_wconf 83' lang='lat' dir='ltr'><strong>confodi</strong></span> <span class='ocrx_word' id='word_1_399' title='bbox 612 4295 702 4350; x_wconf 87' lang='lat' dir='ltr'><strong>iussit.</strong></span> <span class='ocrx_word' id='word_1_400' title='bbox 757 4296 800 4348; x_wconf 88' lang='lat' dir='ltr'><strong>est</strong></span> <span class='ocrx_word' id='word_1_401' title='bbox 822 4290 979 4362; x_wconf 79' lang='grc' dir='ltr'><strong><em>Ἀργίλιπος.</em></strong></span> <span class='ocrx_word' id='word_1_402' title='bbox 1008 4325 1041 4335; x_wconf 94' lang='grc'>-</span> <span class='ocrx_word' id='word_1_403' title='bbox 1071 4288 1266 4364; x_wconf 76' lang='grc' dir='ltr'><strong><em>όβριμόθο·</em></strong></span> 
     </span>
    </p>
   </div>
   <div class='ocr_carea' id='block_1_9' title="bbox 1455 44 1466 468">
    <p class='ocr_par' dir='ltr' id='par_1_14' title="bbox 1394 44 1466 528">
     <span class='ocr_line' id='line_1_50' title="bbox 1455 44 1466 468; baseline 0 60"><span class='ocrx_word' id='word_1_404' title='bbox 1455 44 1466 468; x_wconf 72' lang='grc' dir='ltr'><strong><em>λ</em></strong></span> 
     </span>
    </p>
   </div>
   <div class='ocr_carea' id='block_1_10' title="bbox 0 0 1478 4896">
    <p class='ocr_par' dir='ltr' id='par_1_15' title="bbox 0 0 1478 4896">
     <span class='ocr_line' id='line_1_51' title="bbox 0 0 1478 4896; baseline 0 0"><span class='ocrx_word' id='word_1_405' title='bbox 0 0 1478 4896; x_wconf 95' lang='lat' dir='ltr'><strong> </strong></span> 
     </span>
    </p>
   </div>
  </div>
 </body>
</html>
