2892 4902
1111 337 1212 386 XLVII

138 477 300 562 κατάλογος
328 475 478 545 Ἡσιόδου.
520 484 635 559 thm.
663 482 749 542 (lud.
776 503 805 560 p.
835 485 913 561 246,
943 484 983 542 23
1008 475 1116 544 Ἧοῖαι.
1153 481 1212 544 ἔστι

138 566 300 650 κατάλογος
322 564 474 633 Ἡσιόδου.
519 573 626 649 Itaque
657 573 690 631 in
722 572 779 649 eis,
813 591 889 647 quae
918 571 1211 636 Marckscheffel.

140 681 168 736 p.
194 662 258 720 109
287 663 362 722 scite
390 663 619 739 argumentatus
647 663 705 736 est,
738 661 830 720 etiam
856 679 936 720 nunc
962 661 1211 737 acquiescendum

139 749 262 809 videtur
290 769 369 810 esse:
402 750 522 827 „Quare
553 751 596 810 sio
616 750 808 810 iudicandum
831 750 893 825 est,
920 752 956 809 ut
983 750 1114 826 antiquis
1137 754 1212 810 tem-

139 838 264 914 poribus
282 840 379 900 Hoeas
402 858 421 898 a
440 838 585 916 Catelogo
604 839 739 900 diversas
758 839 852 898 fuisse
872 841 1049 899 statuamus.
1084 838 1211 900 Postero

139 930 243 988 autem
266 929 400 1004 tempore
423 930 497 988 haec
521 928 653 988 carmina
674 931 740 987 tum
767 931 891 1003 propter
913 928 1086 1004 argumenti
1108 928 1212 988 simili-

139 1017 275 1076 tudinem
288 1021 354 1076 tum
367 1020 493 1095 propter
506 1017 633 1078 Hesiodi
645 1035 753 1076 nomen
767 1017 888 1092 utrique
902 1017 1075 1093 impositum
1086 1018 1212 1077 collecta

139 1108 169 1163 et
181 1105 213 1164 in
228 1124 324 1164 unum
338 1125 444 1183 corpus
459 1107 581 1166 redacta
600 1109 683 1179 sunt,
701 1106 746 1165 ita
760 1099 894 1186 quidem,
914 1109 950 1165 ut
964 1125 1032 1165 cum
1046 1104 1210 1184 Catelogus

139 1183 200 1253 tras
224 1195 319 1254 libros
343 1195 622 1272 comprehenderet,
646 1195 735 1255 Hceis
760 1195 862 1273 quarti
883 1213 993 1254 nomen
1016 1195 1150 1270 daretur,
1178 1195 1212 1255 id

140 1283 219 1358 quod
248 1302 265 1343 e
298 1284 410 1344 scholio
436 1284 489 1343 illo
517 1284 666 1344 Hesiodeo
694 1283 855 1358 colligitur.
898 1283 1004 1360 Neque
1035 1283 1210 1344 incredibile

139 1375 193 1445 est,
213 1391 265 1431 eas
285 1373 377 1431 etiam
396 1373 535 1448 quintum
548 1373 658 1433 librum
675 1373 759 1432 cuius
775 1372 882 1431 Suidas
895 1372 1042 1449 meminit,
1061 1372 1210 1448 effeciss03

139 1479 310 1536 quanquam
328 1461 359 1519 id
377 1463 525 1609 inlcertum
546 1464 605 1536 est,
629 1481 696 1521 cum
715 1462 907 1538 antiquorum
927 1461 1107 1537 scriptorum
1120 1481 1209 1522 nemo

137 1637 253 1697 iectura
275 1639 416 1714 probata,
444 1639 493 1699 cui
521 1639 593 1715 quid
620 1639 733 1714 obstet,
760 1657 819 1699 uon
847 1593 947 1714 video,
974 1638 1094 1713 utrique
1124 1640 1209 1698 testi-

138 1727 307 1786 monierum
333 1728 437 1803 generi
464 1747 536 1787 suus
565 1728 658 1787 honos
687 1730 825 1787 constare
847 1684 968 1804 poterit.
1014 1726 1089 1786 Cum
1115 1727 1211 1804 igitur

139 1815 237 1876 Hoeae
257 1835 330 1876 cum
353 1815 508 1893 Oetalogis
534 1817 567 1874 ιιι
593 1817 682 1876 unius
706 1816 845 1876 carminis
872 1816 1061 1892 genealogici
1082 1817 1210 1877 formam

139 1905 289 1965 coniuncti
317 1909 431 1979 essent,
460 1906 538 1981 quod
566 1923 585 1963 a
611 1925 671 1981 quo
697 1905 812 1964 factum
840 1907 880 1965 sit
911 1923 1035 1981 prorsus
1067 1906 1209 1984 nescitur,

138 1994 293 2054 veteribus
316 1995 509 2071 scriptoribus
532 1994 586 2052 illo
608 1995 774 2053 carminum
796 2013 920 2070 empore
942 1995 987 2054 ito
1014 1995 1061 2053 uti
1088 1994 1208 2072 licebat,

138 2085 172 2140 ut
198 2086 252 2141 aut
280 2083 410 2158 priscam
437 2083 637 2142 differentiam
666 2087 849 2158 spectarent,
882 2083 1031 2159 Hoeisque
1058 2083 1209 2160 peculiare

137 2188 244 2231 nomen
270 2171 453 2246 tribuerent,
480 2174 535 2231 aut
561 2175 723 2248 utrumque
751 2191 870 2232 carmen
897 2191 951 2248 pro
979 2191 1038 2231 uno
1062 2172 1210 2232 haberent

138 2257 226 2336 idque
249 2259 391 2337 Oetalogi
418 2261 538 2320 nomine
566 2261 779 2338 significarent.
824 2262 925 2337 Atque
953 2260 992 2320 ad
1018 2262 1075 2320 hoc
1102 2279 1209 2336 corpus

138 2349 296 2408 referenda
322 2349 463 2409 videntur
494 2349 548 2409 illa
573 2350 708 2425 nomina,
741 2350 778 2408 de
810 2351 919 2425 quibus
953 2368 1045 2424 supra
1076 2349 1209 2425 exposui.

138 2435 200 2496 Nec
221 2437 333 2497 mirum
357 2441 416 2514 est,
444 2437 524 2514 quod
546 2457 564 2496 ι
591 2439 729 2514 plurimis
754 2438 950 2513 scriptoribus
972 2457 1064 2495 unum
1089 2440 1209 2521 tautum

139 2526 366 2603 genealogicum
380 2525 510 2586 Hesiodo
528 2527 624 2586 tribui
637 2529 723 2587 solet.
755 2525 797 2585 Hi
811 2526 891 2586 enim
904 2525 989 2585 illam
1003 2526 1209 2606 collectionem

139 2615 343 2688 spectabant.“
367 2614 587 2676 Sosicrctem
601 2635 673 2676 vero
687 2615 922 2696 l³hanagoritam
933 2615 1209 2674 etNicaenetum

139 2701 278 2764 Samium
301 2705 426 2780 parodie
447 2704 613 2764 Hesiodeos
635 2705 729 2764 libros
752 2704 965 2781 perstrinxisse
990 2707 1022 2762 et
1045 2722 1081 2762 ex
1105 2722 1209 2762 eorum

139 2793 306 2853 carminum
329 2793 427 2852 titulis
451 2796 482 2853 et
505 2812 542 2853 ex
564 2794 714 2853 Athenaei
741 2794 1023 2853 commemoratione
1049 2812 1079 2868 p.
1103 2792 1209 2853 59οΒ

136 2880 254 2943 videtur
279 2882 417 2942 concludi
445 2901 546 2958 posse:
579 2875 741 2958 iuelaep‘
723 2886 796 2960 ημῖν
823 2875 959 2988 ἐμπεδῶν
987 2876 1090 2961 ἐγένου
1117 2874 1208 2940 aurd-

138 2972 224 3050 λογον
250 2973 406 3052 γυναικῶν
432 2963 698 3074 ποιουμένοις,’
665 2992 701 3030 ου
727 2964 801 3030 κατὰ
827 2964 898 3042 τοὺς
920 2962 1131 3047 Σωσικράτους
1156 2971 1210 3029 τοῦ

139 3058 346 3140 Φαναγορίτου
360 3047 518 3167 Ἠοίους
499 3083 518 3137 η
533 3053 585 3120 τὸν
601 3061 661 3120 τῶν
678 3061 830 3140 γυναικῶν
848 3053 1011 3140 κατάλογον
1029 3053 1209 3119 Νικαινέτου

137 3143 186 3206 τοῦ
210 3139 403 3227 Σαμίουῆ’
399 3147 581 3227 Α.βδηρίιου

222 3238 259 3296 In
290 3236 397 3297 Scuto
420 3236 607 3312 Herculis,
635 3237 715 3314 quod
743 3256 801 3312 quo
829 3237 917 3297 modo
941 3237 1090 3297 adnexum
1112 3236 1208 3296 fuisse

137 3324 274 3386 videatur
298 3326 387 3386 Eoeie
415 3326 608 3386 manifestum
636 3328 696 3399 est,
723 3326 812 3385 facile
835 3325 971 3402 dignosci
994 3327 1123 3402 possunt
1144 3328 1207 3386 tres

136 3415 248 3492 partes,
277 3433 341 3473 una
374 3433 468 3491 eaque
496 3413 705 3491 antiquissima
732 3433 750 3472 a
777 3433 869 3475 versu
899 3417 1021 3490 1-56,
1054 3432 1130 3490 quae
1158 3415 1207 3472 de·

140 3506 260 3580 sumpta
290 3522 326 3562 ex
353 3503 442 3563 Eoeis
471 3507 550 3581 erat3
582 3504 660 3564 hanc
690 3507 809 3578 partem
836 3504 867 3562 in
894 3504 984 3563 Hoeis
1011 3502 1086 3578 ipsis
1118 3503 1209 3579 longe

140 3590 197 3651 alia
228 3593 374 3654 videntur
405 3596 510 3652 secuta
540 3610 618 3665 esse,
650 3593 688 3652 de
718 3593 828 3668 quibus
860 3593 972 3669 optime
1005 3590 1143 3666 exposuit
1173 3589 1208 3650 Ο.

138 3677 339 3741 Muellerus
369 3681 439 3742 Dor.
466 3681 507 3743 ΙΙ.
537 3701 566 3756 p.
600 3683 673 3741 478.
720 3679 856 3740 Secunda
887 3699 957 3757 pers
991 3683 1038 3740 est
1070 3699 1088 3738 a
1118 3697 1208 3739 versu

139 3769 323 3844 57—22‘1,
362 3770 414 3846 qui
448 3772 520 3830 sunt
555 3770 755 3845 coniungendi
787 3787 855 3829 oum
886 3769 1024 3829 versibus
1058 3771 1122 3829 314
1159 3769 1209 3828 ιιι

139 3858 324 3919 313—480.
362 3859 406 3918 Hx
429 3860 497 3933 hac,
520 3862 556 3918 ut
578 3858 709 3933 videtur,
732 3863 820 3934 parte
838 3858 986 3935 quaedam
1003 3861 1040 3916 ut
1057 3857 1209 3916 Hesiodea

138 3945 315 4008 laudaverat
329 3946 530 4021 Stesichorus,
554 3947 753 4024 probabiliter
772 3947 804 4006 in
824 3946 923 4024 Cycno
944 3940 1035 4029 (quae
1058 3946 1210 4007 sententia

139 4038 182 4094 est
207 4036 351 4096 Muelleri
382 4037 474 4112 probe
505 4036 560 4095 illa
588 4037 626 4096 ab
655 4035 812 4097 Welckero
840 4035 921 4112 chl.
949 4055 995 4111 ep.
1022 4054 1050 4111 p.
1081 4038 1143 4096 199
1177 4037 1209 4094 et

138 4120 447 4202 Marckscheffeliop.
473 4128 534 4186 149
560 4128 712 4185 sustentat
713 4118 756 4205 a.)
803 4125 906 4184 Tertia
932 4143 1026 4202 eaque
1050 4125 1141 4201 longe
1163 4143 1209 4182 re-

138 4215 390 4288 centissimapars
406 4218 453 4273 est
467 4215 607 4292 descript
598 4234 627 4274 ro
584 4213 726 4274 Seue
740 4233 769 4275 ι
783 4215 889 4274 228—
895 4216 976 4290 317,
991 4214 1028 4272 de
1043 4232 1103 4289 qua
1122 4230 1209 4287 saga-

138 4300 255 4363 cissime
271 4302 418 4362 iudicium
431 4303 505 4364 fecit
521 4304 738 4379 Deitersius,
761 4301 880 4364 Lehrsii
903 4259 1034 4379 vestigia
1057 4319 1207 4378 premens.
