2892 4902
238 339 351 386 nxvln

239 506 308 546 cnm
330 486 461 547 scholiis.
505 485 673 562 Perpaucas
697 486 805 546 horum
826 486 920 545 trium
950 485 1085 546 codicum
1105 486 1249 548 lectiones
1273 486 1304 544 in

239 575 369 636 editione
390 575 483 636 tertia
505 574 710 652 allegavimus.

330 674 387 763 17)
411 680 446 741 G.
491 681 549 740 Hic
575 680 667 741 codex
688 681 943 756 membranaceus,
969 680 1023 757 qui
1053 679 1178 741 Hesiodi
1203 677 1304 756 Opera

239 773 271 830 et
291 770 363 828 Dies
390 771 532 846 continet,
559 773 733 830 asservatur
758 771 791 830 in
816 769 999 830 bibliotheca
1021 769 1158 830 Vediana
1180 767 1305 846 Sangal-

238 858 368 918 lensium
394 878 424 919 n.
452 861 526 920 340.
576 857 712 918 Contulit
743 858 898 918 Arminius
925 859 1100 934 Fischerus,
1126 858 1305 918 retractavit

238 947 353 1007 Armin.
377 941 552 1024 Koechlyns
576 947 614 1008 ad
636 948 798 1008 editionem
820 947 974 1023 Lennepii.

330 1045 385 1133 18)
408 1053 468 1113 P2.
491 1079 534 1101 =
556 1053 626 1114 Par.
657 1057 761 1132 2763,
792 1055 864 1115 olim
894 1053 1099 1128 colbertinus,
1130 1053 1305 1113 chartaceus

239 1161 316 1202 saec.
330 1140 395 1202 XV.
440 1141 612 1202 Ruhnkenii
630 1147 773 1220 excerpta
789 1143 997 1219 transscripsit
983 1141 1204 1204 tGaislordius
1218 1141 1304 1201 Poet.

232 1231 313 1292 ltin.
337 1229 389 1290 Gr.
406 1229 430 1290 Ι.
455 1252 484 1308 p.
505 1234 569 1292 170
588 1250 649 1307 seq.
663 1231 746 1308 Lips.
790 1232 895 1292 Denuo
919 1232 1115 1292 contulitvir
1137 1229 1244 1292 doetus
1267 1229 1304 1288 ad

239 1319 401 1380 editionem
432 1319 665 1380 Loesnsrianam
696 1320 884 1397 Lennepii
875 1339 907 1380 ιι
937 1339 1026 1380 usum
1059 1319 1142 1401 (Par.
1168 1319 1196 1378 D
1224 1317 1305 1396 apud

238 1400 394 1490 Lennep.)
438 1409 565 1470 Medioei
587 1409 671 1470 tertii
699 1411 730 1469 et
752 1409 1034 1470 Schellershemiani
1055 1407 1188 1470 familiae
1212 1408 1305 1468 adnu-

237 1497 397 1558 merandus
421 1501 476 1558 est.

329 1596 384 1686 19)
416 1604 495 1667 Bar.
526 1606 559 1664 in
593 1605 745 1682 Theogou
775 1630 817 1652 ==
844 1605 966 1665 Barocc.
1002 1607 1082 1681 109,
1115 1623 1193 1664 nuno
1225 1603 1304 1662 Bibl.

237 1693 350 1753 Bodlei.
380 1691 565 1770 Oxoniensis,
588 1695 764 1755 chartaceus
787 1711 864 1754 saec.
892 1694 948 1752 XV
972 1684 1101 1773 (Bodlei.
1124 1693 1204 1773 apud
1229 1692 1304 1752 Len·

237 1801 318 1859 nep.;
341 1781 367 1840 1.
390 1783 471 1859 apud
493 1774 584 1862 Pal.)
630 1783 667 1842 V.
691 1783 840 1842 Muetzell.
863 1802 894 1859 p.
918 1785 981 1841 222
1006 1803 1066 1861 seq.

1405 1151 1409 1282 ι

308 1880 385 1966 ,20)
417 1887 496 1948 Bar.
528 1888 561 1947 in
584 1887 674 1964 Oper.
706 1890 737 1948 et
759 1888 796 1946 D.
824 1913 866 1936 --·
896 1888 1019 1950 Beroec.
1047 1891 1099 1963 46,
1122 1908 1201 1949 nunc
1224 1888 1304 1948 Bibl.
1408 1923 1409 1954 r

237 1975 353 2036 Bodlei.
376 1973 564 2050 Oxoniensis,
593 1978 769 2038 chartaceus
798 1995 873 2037 saec.
896 1978 968 2052 XV,
991 1969 1031 2057 (Ε
1054 1979 1135 2055 apud
1158 1971 1238 2057 Pal.)
1263 2001 1303 2024 =

237 2063 359 2136 Baropc.
384 2067 435 2125 60.
466 2057 595 2143 (Bodlei.
616 2067 658 2126 60
677 2066 757 2142 apud
774 2065 907 2142 Lennep.
930 2067 955 2125 F
977 2066 1059 2144 apud
1082 2059 1160 2147 Pal.)
1193 2064 1303 2126 Omnes

238 2156 301 2212 tres
325 2154 495 2213 contulerat
517 2154 706 2215 Robinsonus
730 2173 818 2214 suum
840 2155 873 2214 in
894 2175 992 2215 usum.

328 2251 384 2340 21)
407 2259 475 2322 MS.
504 2260 608 2320 ineert.
639 2285 681 2308 ·-=
711 2262 843 2321 varietas
874 2261 1009 2322 lectionis
1037 2261 1146 2322 codicis
1176 2260 1302 2321 alicuius

239 2349 360 2410 enotata
392 2348 430 2408 ab
461 2350 587 2426 antiqua
613 2367 705 2426 manu
734 2351 767 2409 in
795 2351 932 2426 margine
963 2351 1141 2426 exemplaris
1165 2349 1301 2411 editionis

238 2437 366 2497 Aldinae
388 2437 420 2496 in
441 2438 623 2499 bibliotheca
645 2437 851 2499 universitatis
873 2437 1013 2500 Jenensis
1037 2439 1192 2500 asservati.

327 2519 384 2605 22)
408 2527 486 2588 Med.
508 2528 559 2587 rel
581 2527 639 2586 M4
663 2551 706 2576 π
729 2531 777 2588 est
799 2527 920 2588 collatio
942 2527 1051 2588 codicis
1074 2528 1202 2588 Medicei
1223 2529 1301 2587 inter

236 2615 330 2676 libros
353 2615 556 2677 Dorvillianos
584 2619 704 2676 servata
732 2616 812 2692 apud
834 2615 1050 2691 Gaisfordium,
1078 2618 1161 2678 cuius
1186 2633 1302 2677 accura-
1407 2631 1408 2662 r

237 2705 297 2764 tior
320 2704 448 2781 signatio
471 2723 531 2764 non
549 2706 657 2765 exstat.
678 2705 715 2764 V.
737 2705 776 2765 de
797 2705 853 2766 hoo
875 2705 1058 2766 Muetnell
1073 2726 1102 2782 p.
1119 2705 1299 2765 186-212.

239 2792 398 2853 Lectiones
429 2793 508 2852 Med.
539 2793 678 2853 Dorvillii
711 2795 752 2854 39
786 2812 862 2854 sese.
893 2794 952 2854 XII
983 2795 1016 2854 iu
1041 2794 1186 2855 Biblioth.
1216 2792 1298 2854 Bodl.

238 2881 327 2942 Auot.
350 2882 390 2956 X,
415 2883 448 2956 2,
473 2883 506 2957 6,
531 2884 586 2956 11,
614 2901 690 2959 quas
713 2882 902 2943 Gaislordius
925 2885 964 2942 ad
987 2882 1120 2959 Operum
1142 2883 1300 2944 editionem

238 2971 386 3047 enotavit,
417 2970 462 3030 ita
494 2990 562 3031 cum
593 2971 802 3048 antiquussimo
838 2972 971 3032 Mediceo
999 2974 1018 3032 5
1047 2972 1237 3049 conspirant,
1267 2971 1300 3028 ut

238 3060 365 3119 eundem
392 3077 458 3118 esse
487 3062 579 3136 atque
607 3060 773 3120 Medieeum
799 3061 865 3120 iure
895 3061 1052 3121 concludas
1084 3054 1136 3140 (V.
1165 3059 1299 3120 Koeoh-
1406 3077 1407 3086 ¹

238 3148 293 3224 lyi
323 3147 423 3206 adnot.
453 3149 491 3206 ad
519 3168 548 3209 r.
581 3151 636 3225 62,
668 3151 745 3226 362,
774 3152 847 3210 711.
892 3149 1012 3210 Flaeh.
1040 3150 1089 3210 die
1115 3149 1223 3209 beiden
1246 3151 1298 3208 etc.
1331 3193 1333 3202 ,

238 3258 267 3314 p.
293 3238 333 3296 18
356 3227 433 3317 not).

329 3318 386 3404 23)
409 3324 478 3385 Em.
499 3327 546 3384 est
563 3325 653 3385 oodex
670 3327 894 3387 recentissimus
919 3328 950 3387 st
972 3326 1217 3386 mendosissimus
1238 3323 1298 3385 Col-

238 3414 311 3490 legii
328 3413 533 3473 Emmanuelis
553 3412 765 3492 Cantabrigiae
780 3434 856 3476 saec.
875 3416 956 3490 XVI,
979 3416 1063 3476 onius
1079 3416 1199 3476 collatio
1222 3409 1299 3491 apud

239 3503 441 3563 Gaisiordium
461 3506 569 3564 exstat.
596 3503 752 3564 interdum
777 3505 959 3580 optimarum
981 3505 1143 3567 lectionum
1172 3501 1297 3579 vestigia

238 3592 338 3653 habet.
316 3585 494 3673 t.(llmm
512 3592 591 3668 apud
611 3591 717 3668 Gaisip
740 3593 770 3651 N
793 3594 874 3669 apud
896 3586 976 3674 Pal.)

328 3673 384 3760 24)
406 3680 572 3740 Harl-
530 3681 659 3742 ·-cod.
685 3681 770 3742 Harl
799 3683 898 3758 5724,
927 3684 1102 3743 chartaceus
1131 3699 1207 3742 saec.
1230 3675 1297 3738 XIV

237 3770 287 3828 rel
314 3769 371 3828 XV
398 3770 518 3830 secund.
545 3769 610 3830 Pal.
660 3769 858 3831 contulerant
884 3772 1109 3832 Hutohinsonus
1139 3765 1297 3831 Robinsoni

241 3858 274 3916 in
295 3875 384 3918 usum
407 3851 531 3940 (Haut),
553 3859 675 3920 Peleius
694 3879 782 3920 suum
806 3860 839 3920 in
860 3879 949 3922 usum
972 3855 1049 3940 (cod.
1073 3853 1122 3940 O),
1145 3856 1297 3918 Kinlrelius

238 3945 278 4005 ad
301 3946 345 4006 ed.
369 3946 541 4006 Tauchnita.
565 3941 631 4030 (H).
675 3948 713 4007 V.
740 3949 881 4009 Kinkel.
909 3950 947 4009 de
974 3949 1123 4010 codicibus
1145 3944 1297 4008 Hesiodeis

238 4035 389 4096 nonnullis
406 4036 440 4095 in
458 4035 571 4114 Anglia
588 4037 751 4098 asservatis
765 4037 901 4099 Heidelb.
923 4040 1018 4099 1866.
1067 4037 1188 4113 Paley.
1207 4031 1296 4112 praef.

328 4207 385 4295 25)
408 4214 479 4274 Vit.
510 4239 551 4264 ιτ
583 4215 646 4276 cod.
672 4216 726 4276 Vit
712 4216 912 4293 tebergcnsis,
940 4216 1144 4318 bombycinus.
1190 4211 1295 4273 Contu-

238 4303 317 4362 lernt
343 4302 417 4364 Gon
444 4304 633 4365 Hermannus
661 4305 700 4364 ad
728 4305 798 4366 edit.
826 4305 923 4366 Vrino.
953 4325 1041 4366 suum
1069 4305 1101 4364 in
1123 4322 1219 4363 usum.
1261 4297 1296 4356 In
