2948 4906
550 279 644 332 nrm
662 281 726 334 1111
743 281 895 336 minuar.
1198 283 1262 347 203

193 433 275 505 odet
297 433 404 522 πατὴρ
427 438 606 502 παίδεσσιν
630 431 762 521 ὁμοίιος
784 432 869 503 οὐδέ
888 462 921 502 τι
943 437 1072 526 παῖδες,4

94 575 106 588 ·
193 539 275 610 οὐδὲ
298 543 407 622 ξεῖνος
430 540 611 631 ξεινοδόκῳ
633 541 690 608 καὶ
713 541 844 629 ἑταῖρος
867 541 998 632 ἑταίρῳ,

193 645 274 716 οὐδὲ
295 653 495 733 κασίγνητος
518 651 617 732 φίλος
640 651 781 731 ἔσσεται,
801 643 852 726 ὡς
873 643 911 714 τὸ
935 645 1041 733 πάρος
1062 669 1133 734 περ.

191 751 275 834 αἶψα
298 753 336 822 δὲ
358 751 589 841 γηράσκοντας
612 749 814 839 ἀτιμήσουσι
836 756 971 838 τοκῆας·
1209 771 1260 821 188

191 858 379 946 μέμψονται
403 855 436 924 δ’
463 855 529 946 άρα
551 856 632 937 τοὺς
653 865 808 944 χαλεποῖς
830 856 970 942 βάζοντε
994 861 1118 944 ἔπεσσι,
1157 928 1160 932 ,

192 965 361 1051 [σχέτλιοι,
385 960 467 1032 οάδδ
485 967 578 1032 θεῶν
603 962 684 1033 ὄπιν
707 964 846 1044 εἰδότες·
871 960 956 1031 οάδέ
974 989 1033 1032 κεν
1057 967 1128 1050 οἵγε

188 1069 391 1158 γηράντεσσι
413 1074 572 1138 τοκεῦσιν
595 1067 662 1138 άπδ
685 1069 874 1158 θρεπτήρια
899 1073 1004 1154 δοῖεν,

190 1179 390 1265 χειροδίκαι·
415 1177 526 1265 ἕτερος
549 1171 582 1242 δ’
608 1175 724 1265 ἑτέρου
746 1176 847 1243 πόλιν
871 1175 1087 1260 ἐξαλαπάξει]

260 1350 295 1406 V.
311 1358 369 1407 186.
400 1347 694 1424 pallantianos]
720 1351 765 1406 Sic
779 1352 894 1422 legebat
916 1352 1051 1408 Tzetca.
1084 1352 1124 1407 ef.
1140 1354 1260 1409 schol:

189 1418 222 1477 τά
242 1418 344 1478 δνικδν
363 1417 427 1477 ἀντὶ
444 1423 495 1477 τοῦ
519 1423 724 1490 πληθυντικοῦ.
760 1422 795 1477 V.
814 1423 965 1493 Digumma
987 1441 1015 1493 p.
1034 1429 1068 1478 29
1091 1425 1149 1478 not
1171 1424 1259 1480 Ourt.
1284 1463 1288 1472 ·

189 1493 315 1548 Verbum
342 1493 401 1562 Ip.
421 1499 454 1548 65
474 1496 503 1549 et
522 1499 564 1548 73.
603 1493 680 1548 Coni.
703 1493 761 1564 ium
783 1492 979 1563 Lennepius
1003 1496 1034 1549 et
1055 1493 1125 1548 Pal.
1150 1490 1259 1565 βάζονί

191 1559 305 1620 ἐπέεσσι
327 1559 398 1623 1113.Ι
411 1563 471 1618 Me.
497 1559 631 1636 βάζοντες
655 1560 751 1619 ἔπεσσι
772 1564 836 1620 Par.
863 1561 997 1636 βάζοντες
1020 1560 1135 1620 ἐπέεσσι
1153 1565 1188 1620 al.
1209 1560 1261 1638 βά-

190 1637 269 1702 ζοντε
287 1633 409 1690 fincta
428 1634 470 1689 ΕΙ.

260 1706 294 1760 V.
314 1711 375 1760 187.
412 1699 508 1776 οὐδὲ]
532 1704 578 1760 Sic
602 1705 667 1760 Vat.
691 1711 707 1760 2
731 1705 767 1762 al.
794 1700 859 1760 οὔτε
886 1706 946 1761 Mt.
969 1705 1032 1761 Par.
1056 1705 1092 1760 al
1116 1700 1185 1761 οὐδὲ
1205 1703 1258 1776 μὲν

189 1777 249 1846 οἶχε
268 1777 330 1831 Par.
350 1774 442 1830 vste
462 1775 508 1830 Tr.

260 1847 294 1901 V.
315 1851 463 1902 187-189.
502 1845 543 1902 cf.
558 1847 674 1901 Lehrs.
689 1864 716 1916 p.
731 1851 797 1901 237:
817 1846 942 1916 „Deinde
960 1864 987 1901 v.
1003 1852 1143 1901 187-189
1162 1847 1259 1903 viden-

187 1919 235 1972 tur
249 1935 283 1972 ex
297 1915 403 1986 duplici
417 1917 569 1971 eorundem
583 1933 715 1972 versuum
727 1917 887 1973 recensione
898 1917 1093 1986 conglutinata
1102 1935 1172 1986 esse,
1190 1919 1260 1973 item

189 2007 215 2044 v.
235 1989 415 2044 191-195.“·
439 1987 480 2059 De
504 2006 530 2043 v.
556 1993 696 2043 187-189
720 1989 871 2043 assentitur
894 1987 1012 2043 Steitz.
1038 1988 1057 2042 L
1077 1988 1095 2043 l.
1116 1995 1258 2046 187-188

188 2058 295 2128 duplici
316 2056 472 2113 recensioni
497 2057 599 2113 tribuit
620 2058 758 2114 Koechl.
783 2077 810 2114 v.
835 2065 975 2114 186-189
999 2059 1035 2113 ab
1054 2059 1148 2114 aliena
1171 2077 1257 2115 manu

188 2130 309 2184 insertos
328 2145 387 2183 esse
405 2129 525 2197 putabat
541 2128 631 2198 Heyn.
651 2129 688 2184 ad
706 2129 738 2185 Il.
753 2129 828 2199 XVI,
846 2134 908 2184 422.
945 2128 1091 2198 Respicias
1110 2129 1197 2184 etiam
1216 2131 1257 2185 di-

189 2217 302 2270 gamma
319 2199 456 2254 violatum
473 2199 503 2253 in
523 2195 639 2262 εἰδότες.

262 2272 297 2326 V.
317 2276 378 2324 188.
415 2269 525 2326 Schol.
544 2270 614 2326 Ven.
636 2270 668 2324 Il.
687 2270 774 2340 XVII,
795 2275 856 2325 197.

189 2429 360 2501 significare:
398 2428 505 2484 delebit
541 2459 574 2470 -
613 2448 696 2484 nun·
751 2428 909 2499 pollicetur,
922 2427 1096 2484 utbomines
1111 2429 1194 2484 modo
1209 2445 1258 2484 nu-

190 2517 290 2570 quam
311 2502 352 2568 (et
370 2499 394 2554 si
411 2499 613 2554 sententiarum
632 2517 696 2555 con·
751 2501 860 2555 scentes
879 2499 977 2554 statim
995 2500 1158 2568 canescant,
1177 2499 1256 2554 nulla

188 2589 290 2626 nexum
309 2570 385 2640 apud
402 2569 583 2625 Aristideml
600 2589 627 2640 p.
643 2576 696 2626 369
750 2569 838 2640 igitur
860 2570 897 2624 sit
921 2569 1005 2624 iniis
1023 2568 1159 2623 infantiae
1178 2569 1257 2625 inno-

187 2642 271 2696 Dind.
289 2641 415 2710 intueor,
433 2658 523 2710 paene
541 2641 696 2711 persuadeo
750 2641 844 2696 centia
862 2643 892 2696 et
909 2640 1050 2708 hilaritas,
1080 2639 1174 2694 nullus
1192 2641 1259 2695 ado·

188 2712 259 2767 mihi
294 2712 370 2766 hunc
401 2712 500 2767 eodem
535 2712 619 2767 modo
654 2712 696 2766 in-
750 2712 902 2766 lescentiae
916 2711 967 2766 flos
986 2727 1020 2764 ac
1038 2709 1127 2781 vigor,
1146 2710 1256 2766 nullum

188 2782 351 2851 tellexisse).
397 2783 435 2836 Et
466 2781 597 2838 videntur
625 2784 696 2839 haec
749 2781 839 2838 virilis
858 2782 960 2838 aetatis
978 2782 1072 2850 robur,
1092 2781 1141 2836 sed
1159 2781 1257 2836 statim

189 2854 225 2909 ab
268 2853 381 2908 homine
423 2853 515 2908 faceto
561 2853 695 2922 profecta,
750 2854 787 2908 ab
796 2853 879 2908 initio
893 2853 994 2923 gravia
1007 2851 1158 2908 senectutis
1171 2853 1254 2908 mala

188 2925 254 2979 illas
272 2924 376 2978 multas
395 2924 424 2978 et
446 2924 581 2994 repetitus
605 2925 695 2980 homi-
749 2923 830 2978 Hanc
855 2923 1025 2979 sententiam
1042 2924 1120 2978 recte
1138 2939 1202 2976 cum
1221 2924 1257 2978 ab

188 3014 256 3050 num
289 2995 474 3050 extinctiones
507 2996 561 3050 hoc
596 2995 696 3050 ratici-
750 2993 1258 3063 aliistumaLennepioperceptum

189 3067 238 3120 nio
252 3082 281 3120 re
295 3064 361 3133 levi,
375 3066 474 3120 -vorbis
488 3066 589 3136 grandi
602 3085 695 3137 παρῳ-
749 3065 846 3133 rideo,
865 3065 1007 3147 mirorque
1025 3063 1207 3120 Lehrsium
1225 3082 1253 3133 p.

189 3137 298 3191 δοῦντι.
353 3134 405 3190 His
440 3136 531 3191 tribus
569 3136 696 3192 versibus
750 3141 802 3191 236
820 3135 893 3190 illud
911 3139 1006 3206 potrus
1029 3136 1141 3190 subesse
1159 3134 1254 3190 dicen·

188 3225 245 3262 non
275 3207 470 3275 improbabili,
502 3207 532 3261 ni
561 3206 695 3276 fallimur,
749 3208 816 3276 tem,
835 3223 980 3276 nunquam
993 3205 1053 3261 fore
1069 3206 1102 3260 ut
1120 3206 1192 3260 hanc
1211 3223 1256 3261 ae·

189 3277 422 3347 interpretatione
441 3277 553 3346 eiectis,
577 3296 606 3332 m
664 3295 695 3334 as
748 3279 839 3332 tatem
865 3277 973 3347 Iupiter
1000 3277 1120 3332 deleat.“
1139 3307 1175 3316 -
1193 3277 1257 3331 Non

190 3348 368 3403 difficultates
392 3349 584 3404 sustulimus.“
645 3366 694 3404 on·
748 3348 870 3403 multum
905 3347 1023 3403 interest
1058 3347 1089 3402 in
1128 3346 1256 3402 versibus

189 3419 400 3474 traSchoem.
415 3437 442 3488 p.
457 3427 506 3475 27:
527 3419 577 3489 „ln
590 3438 617 3474 v.
634 3426 693 3475 177.
749 3418 887 3488 corruptis
915 3420 990 3473 inter
1016 3418 1091 3472 hanc
1118 3420 1148 3472 et
1176 3416 1257 3472 illum

192 3496 242 3545 178
266 3491 415 3545 verborum
442 3493 569 3560 tempore
591 3489 693 3558 lutura,
747 3487 1256 3558 interpretationem.Ineptedoett·

189 3557 348 3616 andooccos
362 3562 392 3615 et
405 3556 535 3630 δάσονσι,
549 3577 694 3630 nunquam
747 3560 881 3630 lingius
905 3560 967 3615 coll.
988 3557 1097 3614 Gallim.
1122 3556 1183 3613 Del
1205 3564 1254 3612 171

189 3631 247 3686 fore
261 3630 428 3702 significant,
447 3634 480 3686 ut
497 3633 626 3687 laborare
644 3633 693 3687 ho·
747 3632 794 3686 hic
803 3631 923 3686 formam
934 3628 1044 3699 antiqui
1054 3627 1160 3683 oraculi
1171 3645 1257 3696 agno-

189 3702 278 3756 mines
296 3701 382 3770 dique
405 3702 481 3757 mala
498 3702 534 3757 iis
552 3702 696 3772 impertire
750 3703 812 3770 scit,
832 3718 887 3771 quo
907 3701 1050 3770 ingentem
1069 3698 1255 3753 mutationem

190 3772 326 3826 desinant.
368 3771 401 3825 ln
424 3788 457 3827 eo
483 3775 578 3828 autem
603 3790 695 3841 versu,
749 3773 962 3828 rerumiactum
980 3770 1017 3824 iri
1030 3769 1177 3838 dicoretur,
1193 3785 1257 3824 cum

190 3860 244 3912 quo
271 3844 407 3898 transitus
430 3843 462 3897 fit
486 3844 524 3898 ad
541 3846 696 3899 extremam
748 3861 819 3913 gens
834 3842 911 3898 canis
925 3839 1034 3912 capillis
1047 3839 1173 3910 irrueret,
1187 3857 1256 3909 qua-

189 3913 267 3968 illam
287 3913 494 3982 corruptionem
508 3931 580 3984 quae
598 3914 695 3970 interi-
748 3913 785 3968 lis
798 3915 874 3968 esset
886 3913 964 3968 natio
975 3911 1128 3980 Gallorum,
1142 3927 1215 3981 quae
1228 3915 1257 3968 et

190 3987 251 4038 tum
282 3983 365 4038 huius
402 3986 503 4039 aetatis
540 3985 696 4040 adductura
748 3984 889 4038 Romanos
903 3986 932 4038 et
941 3984 1062 4039 Graecos
1075 3982 1184 4051 ingenti
1198 3983 1256 4036 ter·

191 4054 235 4124 sit,
254 4056 330 4124 quod
348 4055 458 4124 dicitur,
479 4061 530 4111 180
545 4049 595 4111 εάτ
609 4049 645 4110 dv
659 4087 693 4096 —
748 4071 811 4110 rore
820 4054 987 4123 percelleret
1001 4056 1030 4108 et
1042 4069 1131 4121 paene
1141 4052 1255 4108 deleret.

189 4125 352 4194 τελέθωσιν,
372 4126 443 4181 nihil
457 4126 534 4181 aliud
548 4126 604 4182 nisi
622 4146 696 4182 sum·
785 4126 820 4182 V.
835 4131 896 4180 184.
926 4127 1026 4193 φίλος
1040 4122 1190 4193 ἔσσεται]
1211 4122 1255 4176 Sc.

189 4215 236 4252 ma
268 4197 406 4266 quaedam
438 4199 467 4253 et
498 4197 696 4266 insuperabilis
750 4191 919 4266 κασιγνήτῳ.

190 4269 330 4324 humanae
345 4271 463 4324 naturae
477 4268 641 4338 depravatio
660 4269 695 4323 si·
785 4267 820 4322 V.
842 4273 901 4322 189.
939 4263 1148 4335 χειροδίκαι]
1167 4262 1257 4318 Nota·
