2904 4900
244 264 310 328 316
686 264 863 320 HESIODI

245 425 356 478 τοιοῦτο
374 420 429 493 γάρ
452 419 483 479 τό
509 421 576 486 ἔπος
599 421 629 480 ἐκ
655 424 710 478 τῶν
725 419 857 479 Ἡσιόδου
876 426 1076 494 Πεισίστρατον
1096 417 1202 488 έξελεῖν
1221 439 1313 491 φησιν

240 507 342 582 Ἡρέας
360 507 376 566 ό
395 507 554 582 Μεγαρεύς.

661 673 775 741 cmv.
809 673 890 762 (τε.)

317 796 430 866 Steph.
453 796 526 866 Βγτ.
550 816 576 852 v.
596 793 699 851 Αίσάν·
727 793 808 860 πόλις
835 799 1002 866 Θεσσαλίας,
1027 791 1084 851 άπό
1104 799 1228 858 Αίσωνος
1254 797 1309 850 τοῦ

242 880 364 949 Ἰάσονος
386 881 505 954 πατρός,
530 878 564 940 οό
588 882 619 940 τό
644 881 736 957 ὄνομα
761 883 809 941 διά
832 887 882 941 τοῦ
907 907 928 940 ω
951 888 1083 940 κλίνεται.
1112 880 1151 947 ὥς
1169 880 1308 946 Ἡσίοδος.

247 973 293 1028 Sic
310 976 386 1029 reete
404 974 731 1030 Marcksoheffelius
750 992 801 1044 pro
821 971 869 1029 διά
888 975 938 1030 τοῦ
959 995 983 1029 ο.

672 1171 769 1238 cxv.
802 1171 883 1261 (τε.)

319 1289 427 1349 ΞυἸιοΙ.
446 1294 539 1352 Hom.
565 1295 615 1351 Od.
635 1295 700 1364 XII,
724 1301 770 1350 69:
794 1297 910 1358 Αἴσονος
928 1293 960 1349 δέ
985 1295 1034 1348 καὶ
1052 1289 1222 1364 Πολυμήλας
1238 1289 1311 1347 καθ’

169 1385 178 1395 ”
242 1380 372 1439 Ἡσίοδον
390 1387 498 1453 γίνεται
514 1379 619 1442 Ἰάσων.

653 1580 768 1647 cxvl.
798 1579 902 1667 (τοι.)

317 1704 460 1758 Pausan.
484 1703 522 1772 X,
541 1709 588 1757 31:
613 1701 646 1758 αί
664 1698 754 1758 Ἠοῖαι
773 1699 947 1774 καλοόμεναι
965 1704 1014 1758 καὶ
1031 1698 1050 1772 ἡ
1069 1699 1185 1766 Μινυάς
1203 1697 1307 1773 ὦμολο

246 1787 366 1861 γήκασιν
393 1785 537 1859 άλλήλαις·
566 1786 721 1848 Ἀπόλλωνα
749 1788 803 1862 γάρ
831 1788 866 1861 δὴ
896 1783 985 1846 αόταί
1010 1811 1097 1862 φασιν
1125 1789 1158 1846 αί
1182 1787 1314 1860 ποιήσεις

246 1875 354 1951 άμόναι
378 1881 521 1949 Κουρῆσιν
550 1876 597 1934 έπλ
624 1877 690 1944 τοός
713 1877 852 1943 Αίταλοός
879 1881 928 1936 καλ
956 1875 1119 1936 ἀποθανεῖν
1142 1878 1312 1949 Μελέαγρον

245 1964 302 2024 όπό
319 1964 495 2032 ’Λπόλλωνος

646 2131 777 2204 oxvn.
804 2128 908 2218 (159.)

296 2253 427 2309 'SchoL
452 2254 562 2324 Apoll.
587 2254 689 2310 Rhod.
713 2254 739 2323 Ι,
764 2258 829 2307 118:
855 2248 886 2308 έν
909 2250 941 2307 δέ
965 2258 1028 2315 ταῖς
1051 2247 1187 2322 μεγάλαις
1203 2247 1311 2314 Ἠοίαις

247 2343 373 2412 λέγεται,
392 2337 430 2405 άς
448 2337 505 2412 άρα
523 2338 712 2413 Μελάμπους,
731 2343 813 2411 φίλος
831 2334 871 2396 όν
889 2341 927 2413 τῷ
943 2334 1103 2410 Ἀπόλλωνι,
1121 2335 1310 2411 ἀποδημήσας

246 2430 380 2487 κατέλυσε
405 2427 482 2503 παρά
506 2427 690 2504 Πολυφόντγ.
728 2426 794 2502 βοός
817 2427 849 2484 δέ
875 2423 951 2502 αότρό
975 2427 1136 2498 τεθυμένον
1156 2423 1310 2498 δράκοντος

245 2515 459 2590 άνερπόσαντος
477 2515 556 2589 παρά
575 2515 606 2575 τό
625 2521 720 2590 θῦμα,
744 2521 917 2589 διαφθεῖραι
935 2513 1025 2572 αότόν
1043 2512 1112 2580 τοός
1128 2514 1179 2572 τόν
1192 2514 1309 2589 Μελάμ-

246 2611 322 2663 ποδα
350 2611 447 2680 λαβεῖν
476 2609 525 2664 καλ
551 2605 659 2677 θάψαι.
695 2603 730 2661 τά
760 2605 792 2662 δέ
820 2603 922 2662 τοότου
947 2604 1052 2676 ἔγγονα
1078 2605 1224 2676 τραφέντα
1252 2601 1308 2662 ὑπό

246 2694 348 2753 τοότου
366 2698 470 2768 λείχειν
488 2693 523 2752 τά
543 2689 601 2752 οότα
615 2697 664 2752 καὶ
679 2693 837 2768 ἐμπνεῦσαι
855 2693 932 2770 αότῷ
951 2691 1005 2765 τὴν
1023 2691 1171 2768 μαντικήν.
1209 2690 1311 2763 διόπερ

245 2786 400 2841 κλέπτοντα
419 2781 508 2841 αότόν
527 2782 578 2849 τάς
596 2781 667 2856 βόας
684 2786 735 2840 τοῦ
752 2780 873 2855 Ἰφίκλου
893 2783 934 2848 είς
952 2788 1071 2855 Αίγιναν
1088 2781 1141 2855 τὴν
1160 2780 1243 2840 πόλιν
1261 2805 1308 2840 πε-

249 2874 427 2944 ριληφθέντα
445 2876 584 2945 δεθῆναι,
607 2876 656 2930 καί
679 2875 729 2930 τοῦ
749 2877 830 2931 οίκου
849 2871 1004 2945 μέλλοντος·
1015 2882 1127 2945 πεσεῖν,
1146 2870 1179 2929 έν
1197 2866 1219 2949 ᾧ
1238 2866 1307 2944 ἦνδ

242 2961 372 3034 Ἴφικλος,
390 2965 424 3036 τῇ
443 2960 585 3019 διακόνων
599 2960 763 3036 πρεσβότιδι
778 2964 903 3034 μηνῦσαι
920 2964 970 3018 τοό
987 2959 1121 3033 Ἰφίκλου,
1139 2965 1188 3019 καί
1206 2961 1329 3019 τοότου“

246 3050 328 3124 χάριν
347 3048 505 3122 ἀφεθῆναι.
543 3049 637 3123 σαφὴς
655 3051 687 3110 δέ
705 3049 724 3123 ἡ
744 3051 859 3120 ίστορία.
898 3053 951 3124 [cf.
975 3053 1099 3108 Eudoc.
1123 3070 1151 3122 p.
1170 3058 1236 3120 286,
1262 3051 1309 3107 ubi

247 3142 359 3200 initium
377 3141 502 3198 invenies
521 3137 553 3198 έν
571 3139 603 3197 δέ
622 3147 685 3204 ταῖς
702 3139 891 3212 καλουμέναις
907 3137 1044 3212 μεγάλαις
1060 3136 1166 3204 Ἠοίαις
1183 3142 1249 3212 θέα]

641 3339 788 3407 oxvm.
815 3339 919 3426 (153.)

318 3461 461 3517 Pausan.
481 3462 515 3531 Π,
535 3468 582 3517 26:
603 3456 773 3532 Ἐπίδαυρος
791 3460 838 3533 δέ,
857 3455 906 3531 ἀφ’
927 3451 962 3516 οό
981 3457 1013 3515 τό
1033 3457 1124 3532 ὄνομα
1142 3462 1177 3532 τῇ
1197 3462 1232 3533 γῇ
1252 3457 1307 3516 έτέ-

247 3555 304 3619 θη,
323 3545 361 3614 τός
383 3548 436 3621 μέν
460 3569 548 3620 φασιν
568 3546 685 3620 Ἠλεῖοι,
708 3549 838 3614 Πέλοπος
857 3544 907 3620 ἦν,
930 3544 1003 3605 κατά
1022 3548 1055 3605 δὲ
1077 3546 1204 3620 Ἀργείαν
1222 3546 1309 3616 δόξαν

247 3639 296 3693 καλ
314 3634 349 3694 τά
370 3637 423 3708 ἔπη
441 3635 492 3703 τάς
506 3636 630 3712 μεγάλας
645 3635 741 3704 Ἠοίας
759 3631 796 3709 ἦν
812 3635 975 3712 Ἐπιδαόρφ
987 3634 1080 3708 πατὴρ
1093 3634 1216 3709 ’Ἅργοςό
1233 3634 1308 3700 Διός.

659 3853 770 3921 cm.
798 3851 901 3941 (154.)

318 3977 460 4031 Pausan.
479 3976 519 4044 Π,
543 3983 590 4031 16:
614 3971 720 4044 ταότην
743 3972 906 4046 (Μυκήνην)
928 3975 1003 4032 εἶναι
1024 3977 1172 4046 θυγατέρα
1193 3971 1307 4046 Ἰνάχου,

247 4071 371 4134 γυναῖκα
390 4062 422 4119 δὲ
439 4058 594 4135 Ἀρέστορος
607 4061 642 4120 τά
658 4063 712 4135 ἔπη
729 4063 815 4136 λέγει,
833 4059 851 4120 ά
870 4061 906 4134 δὴ
919 4061 1051 4135 Ἓλληνες
1064 4067 1200 4121 καλοῦσιν
1216 4059 1307 4126 Ἠοίας

249 4149 381 4224 μεγάλας.
418 4148 476 4207 άπό
502 4152 606 4224 ταύτης
638 4149 690 4210 οὖν
722 4154 771 4210 καλ
801 4151 833 4209 τό
866 4151 958 4226 ὄνομα
989 4154 1138 4226 γεγονέναι
1168 4156 1203 4228 τῇ
1229 4151 1307 4210 πόλει

248 4244 344 4313 φασίν.
1148 4252 1152 4261 “
