2892 4902
1140 309 1229 356 XXXI

161 475 190 531 p.
221 456 287 516 560
315 453 441 515 notavit.
487 453 589 530 Atque
619 456 724 514 eodem
751 455 839 514 modo
866 457 902 514 ut
930 455 995 515 sino
1021 455 1137 515 musica
1164 473 1229 514 οιι-

161 545 230 604 cula
252 543 460 620 proferrentur
482 543 683 619 antiquissimi
706 562 804 604 mores
827 542 1011 604 Graecorum
1033 544 1231 619 postulabant

162 624 270 714 (Plut.
294 632 331 691 de
354 631 443 708 Pyro.
467 650 545 692 οιιο.
571 626 635 712 22).
681 631 796 692 Deinde
823 633 902 692 lauri
925 651 1042 692 ramum
1064 633 1114 692 vel
1137 633 1229 692 bacil-

161 722 225 780 lum
248 714 386 800 (ῥάβδον,
409 722 571 800 σκῆπτρον,
593 740 622 781 v.
641 720 753 796 Theog.
772 741 904 797 prooem.
927 723 979 783 30.
1024 720 1153 782 Pausan.
1176 721 1228 795 IX,

162 803 219 890 30)
248 829 340 869 manu
377 809 523 868 tenebant
558 809 702 869 Hesiodei
734 814 858 885 poetae,
895 830 963 870 cum
994 810 1129 870 orabant.
1183 810 1230 869 Ha

162 897 242 957 enim
272 901 337 958 erat
367 898 448 957 lauri
479 899 576 958 virtus
614 899 778 958 secundum
811 899 954 973 Graecos,
984 903 1019 958 ut
1056 901 1086 958 et
1123 917 1228 958 canen-

161 990 207 1047 tes
239 987 423 1047 vaticinandi
461 987 606 1046 facultate
642 986 782 1062 imploret
823 980 1022 1067 (ἕιισιαιιιιοδς
1058 980 1164 1068 ἐποίει)
1197 990 1230 1047 et

160 1079 316 1152 promptos
343 1077 381 1136 ad
409 1075 592 1135 audiendum
618 1075 733 1135 animos
761 1075 923 1151 inspiraret
950 1076 1142 1136 audientibus
1173 1068 1224 1154 (cf.

162 1163 205 1224 O.·
227 1165 391 1225 Mueller.
419 1164 489 1226 Dor.
519 1164 542 1224 I.
572 1184 602 1239 p.
632 1156 721 1243 336).
773 1164 862 1224 Hunc
893 1165 995 1225 bacilli
1026 1183 1115 1224 usum
1146 1167 1228 1224 recte

161 1254 350 1314 Niet'zschius
375 1247 426 1333 (de
446 1254 551 1315 histor.
570 1253 696 1312 Homeri
708 1273 737 1328 p.
759 1247 836 1333 139)
862 1254 1045 1329 comparavit
1063 1273 1131 1313 cum
1144 1272 1228 1313 more

162 1341 345 1402 Graecorum
372 1343 405 1401 in
432 1342 528 1418 epulis
557 1342 596 1401 ad
623 1361 740 1400 ramum
767 1342 848 1400 lauri
870 1343 919 1401 rel
946 1343 1040 1418 myrti
1067 1342 1159 1402 scotia
1182 1361 1228 1402 oa-

160 1432 258 1505 nendi‚
283 1431 321 1490 sd
344 1432 481 1507 idemque
504 1449 601 1507 genus
624 1431 777 1506 pertinere
800 1430 941 1490 videntur
964 1434 1030 1490 tum
1053 1430 1228 1509 εἰρεσιῶναι,

160 1523 227 1579 tum
244 1521 365 1580 frondes
385 1520 555 1596 supplicant
542 1519 627 1593 t,ium
650 1519 759 1594 quibus
782 1519 963 1594 persuadere
986 1519 1112 1595 cupiunt
1134 1519 1227 1579 homi-

160 1609 258 1685 nibus,
283 1627 301 1667 ι
320 1608 429 1684 quibus
448 1607 598 1668 mitiorem
617 1610 730 1667 sortem
748 1627 854 1683 exspec
854 1610 929 1681 tant,
953 1610 1020 1666 tum
1037 1608 1115 1666 rami
1132 1607 1226 1667 Pane

159 1654 295 1758 thenaeis
314 1717 333 1756 ι
350 1695 501 1756 libertinis
523 1699 636 1770 portati
624 1687 703 1774 i(v.
725 1695 882 1757 Bekker.
904 1697 1016 1756 Anecd.
1038 1696 1062 1755 l.
1085 1715 1113 1771 p.
1138 1690 1227 1774 242),

160 1789 227 1846 tum
257 1789 423 1862 sceptrum,
457 1784 536 1862 quod
568 1785 648 1860 apud
680 1784 844 1844 Homerum
873 1805 964 1844 manu
994 1789 1097 1844 tenore
1128 1784 1229 1844 solent

160 1893 322 1951 praecones
347 1867 432 1952 (sunt
455 1877 558 1932 autem
579 1877 687 1949 poetae
709 1876 792 1933 θεῶν
815 1868 932 1954 άμμελοι
959 1871 1010 1932 καὶ
1032 1867 1159 1952 κήρυκες
1183 1891 1228 1932 se·

160 1964 289 2024 cundum
320 1963 517 2023 Plutarchum
547 1963 584 2021 de
614 1962 705 2039 Pyth.
732 1981 773 2022 οι.
806 1956 862 2043 22)
892 1966 923 2022 et
950 1963 1108 2022 orantes
1100 1981 1132 2021 ιιι
1160 1980 1227 2022 con·

160 2049 254 2129 cione,¹
271 2055 337 2112 turn
355 2050 552 2131 Mercuriido
544 2045 627 2130 ’βδος
647 2043 695 2133 (Il.
716 2051 826 2125 XXIV,
846 2046 1008 2132 343).A
1009 2056 1081 2128 tque
1104 2054 1193 2127 propt
1195 2070 1228 2110 er

159 2142 236 2201 hanc
264 2144 360 2200 artem
388 2139 602 2200 declamitandi
630 2141 694 2200 sine
722 2139 856 2200 citharae
883 2141 980 2201 modis
1008 2141 1113 2217 procul
1137 2139 1227 2200 dubio

159 2230 193 2289 hi
214 2233 321 2306 poetae
345 2229 418 2288 dicti
441 2232 513 2289 sunt
534 2229 684 2304 rhapsodi‚
708 2248 836 2305 quorum
857 2229 988 2304 primum
1010 2230 1104 2288 fuisse
1122 2228 1227 2288 Hesio-

160 2319 232 2377 dum
263 2318 431 2377 Nicocles
465 2317 540 2376 dixit
572 2336 619 2392 ap.
652 2317 749 2377 Schol.
781 2317 867 2375 Pind.
899 2319 986 2376 Nem.
1018 2318 1062 2394 Π,
1098 2320 1131 2394 1,
1160 2337 1228 2377 cum

159 2406 311 2466 Homerici
339 2408 445 2481 poetae
478 2404 565 2464 coedi
597 2406 647 2463 vel
681 2401 761 2463 ἐπῶν
790 2405 911 2481 ποιιμαί
938 2407 1116 2465 dicerentur.
1169 2407 1227 2464 Hx·
1328 2437 1330 2440 ·

160 2494 262 2570 posuit
285 2494 448 2552 dehaere
471 2492 675 2552 Pausanias
698 2492 750 2566 IX,
775 2495 830 2553 30·
852 2487 1039 2569 κάθηταιδὲ
1061 2490 1111 2552 καὶ
1129 2485 1227 2554 Ησίο-

160 2581 213 2654 δος
235 2574 367 2659 κιθάραν
390 2577 438 2639 ἐπι
460 2585 521 2652 τοῖς
543 2575 667 2658 γόνασιν
690 2577 779 2658 ἔχων,
804 2573 895 2641 οὐδέν
917 2603 943 2640 ιι
966 2580 1076 2648 οἰκεῖον
1095 2573 1226 2664 Ἡσιόδῳ

160 2664 295 2776 φόρημα·
303 2662 444 2777 δῆλα
412 2691 468 2749 γαρ
488 2664 524 2746 δη
544 2667 595 2728 καὶ
617 2667 647 2742 ἐξ
670 2663 849 2730 αὐτῶντῶν
872 2664 1003 2747 ἕαοδν,“
985 2692 1030 2731 ors
1053 2667 1101 2730 ἐπι
1123 2641 1226 2753 ῥάβδῳ

160 2753 279 2838 δάφνης
297 2747 359 2839 ᾖδε.
406 2757 450 2819 Of.
475 2759 562 2820 eund.
584 2759 621 2835 X,
647 2761 674 2837 7,
700 2761 727 2818 2.
773 2760 910 2819 Fuerunt
931 2760 1027 2836 igitur
1050 2760 1102 2837 qui
1125 2758 1227 2840 ῥαψῳ-

161 2843 216 2909 δόν
233 2849 415 2910 ιοοι1ιιι1ιιιιι
433 2866 451 2906 ι
470 2841 572 2929 ῥάβδῳ
592 2848 783 2923 deducerent,
806 2851 842 2908 ut
828 2847 1004 2908 tCallim.
1022 2849 1129 2924 fragm.
1152 2850 1224 2908 138.

158 2939 257 2999 Bentl
265 2936 495 3016 ‚Dionysius
520 2936 638 2995 Thrax
666 2957 713 3014 ap.
736 2937 831 2998 Bekk.
854 2938 966 2997 Anecd.
989 2957 1019 3012 p.
1043 2939 1126 2996 630·
1150 2935 1227 3014 εἴρη-

158 3049 204 3087 ιαι
232 3023 264 3086 δὲ
297 3024 497 3131 ῥαψῳηοῖδία
495 3022 557 3085 ονει
584 3024 738 3107 ῥαβδῳδία
765 3047 808 3097 τις
836 3014 911 3086 οὖσα
935 3018 993 3085 άιιδ
1016 3027 1069 3086 τοῦ
1093 3025 1226 3106 δαφνίνῃ

158 3110 260 3197 ῥάβδῳ
280 3106 456 3196 (οιιμβόλῳ’
452 3117 675 3199 Αιιολλωνιαιιῷ
694 3115 857 3175 secundum
876 3113 1041 3180 Grammat
1032 3133 1113 3174 rcum
1130 3113 1225 3174 Bekk

157 3226 186 3281 p.
222 3197 307 3284 766)
343 3199 634 3287 ιιεριιρχομένονς
622 3175 707 3262 άδειν
743 3196 777 3263 ιδ
814 3206 866 3264 τοῦ
898 3197 1029 3283 Ομήροιι
1066 3195 1227 3281 ποιήματα,

159 3295 289 3353 Tzetza
315 3293 407 3368 Exeg.
441 3291 529 3353 Hom.
561 3312 589 3368 p.
622 3264 674 3351 45.
729 3292 874 3369 Neque'
865 3292 926 3368 ipsi
958 3293 1031 3352 adeo
1065 3292 1225 3351 Pindaro

157 3383 262 3458 ignota
283 3382 343 3440 fuit
365 3381 524 3456 originatio
548 3381 608 3440 ista
637 3372 756 3462 (Isthm.
775 3381 831 3457 ΙΙΙ,
851 3375 917 3462 55).
964 3381 1078 3440 Tamen
1101 3381 1227 3439 dubium

159 3490 225 3531 esse
256 3473 374 3547 potest,
403 3488 475 3528 num
503 3488 577 3529 vera
606 3469 647 3529 sit
673 3471 748 3530 haec
776 3471 973 3547 etymologia,
1004 3489 1095 3546 quam
1117 3469 1225 3545 proba·

129 3563 245 3619 serat
271 3559 342 3620 olim
370 3558 528 3618 Disscnius
557 3558 642 3619 Pind.
670 3579 698 3635 p.
729 3561 802 3620 362.
829 3559 960 3619 BoeckH
987 3558 1226 3633 Welckerusque

159 3647 305 3722 imprimis
329 3647 511 3707 sustentavit
534 3645 615 3724 Cycl.
640 3667 693 3723 ep,
717 3666 785 3706 cum
808 3649 847 3706 ad
869 3641 991 3727 ῥάπτειν
1012 3647 1114 3721 potius
1137 3664 1226 3706 voca-

159 3735 265 3794 bulum
296 3737 447 3810 pertinere
479 3736 624 3796 videatur.
670 3736 735 3797 Hoc
767 3736 832 3812 ipse
864 3736 1047 3796 Hesiodus
1078 3735 1226 3794 indicasse

159 3823 269 3882 dicitur
290 3823 397 3899 fragm.
422 3827 499 3884 227:

294 3909 326 3970 ἐν
349 3907 437 3994 Δήλῳ
460 3906 523 3972 τότε
544 3915 662 3991 nocitor
686 3905 742 3991 syo
765 3909 816 3972 καὶ
830 3906 961 3991 ’Όμηρος
984 3905 1083 3972 άοιδοὶ

295 3996 441 4078 μέλπομεν
463 3998 496 4060 ἐν
519 4006 636 4080 νεαροῖς
658 3996 765 4080 ὕμνοις
787 3995 938 4081 ράψανιες
961 3994 1077 4078 ἀοιδήν,

159 4093 190 4150 et
209 4090 274 4166 ipse
292 4087 475 4149 Pindarus
494 4090 580 4148 Nem.
599 4090 637 4164 II,
655 4094 682 4166 1,
701 4093 791 4166 atque
811 4091 915 4150 eodem
928 4091 1081 4166 pertinent
1099 4089 1225 4148 Luciaui

159 4180 252 4238 verba
276 4169 374 4257 (Διάλ.
393 4171 468 4255 πρὸς
486 4171 627 4239 Ἡσίοδον
647 4199 669 4240 c.
689 4173 725 4259 4)
749 4171 793 4240 ὅτι
817 4176 911 4258 μηδέν
928 4175 986 4238 ἐστι
1008 4179 1068 4237 τῶν
1090 4174 1224 4258 ἐρραψῳ-

159 4263 296 4345 δημένων
322 4260 370 4328 διά
402 4265 483 4346 ἐμοῦ.
530 4265 672 4328 Centoras
701 4267 792 4327 etiam
821 4268 1013 4328 scholiastam
1040 4266 1072 4324 in
1094 4265 1224 4325 Bekkeri
1290 4333 1291 4336 Ἴ
