2892 4902
209 317 297 366 XLVI

209 462 282 537 λέως
305 459 366 542 καίΙ
386 456 442 523 ὅσα
470 455 518 519 ε’πί
533 453 655 536 Ἔργοις
682 476 711 514 τε
734 451 784 514 καὶ
803 445 950 532 Ἡμέραις.
987 450 1018 510 ol
1039 445 1072 509 δέ
1095 443 1182 510 αὐτοὶ
1207 437 1299 511 οὗτοι

210 551 328 635 λέγουσι
351 547 402 610 καὶ
421 542 461 621 ὦς
480 539 625 626 μαντικὴν
643 537 783 615 Ἡσίοδος
802 539 958 619 διδαχθείη
976 532 1056 616 παρὰ
1077 531 1296 616 Ἀκαρνάνων·

209 640 260 703 καί
284 639 362 701 ἔστιν
385 637 441 716 έπη
466 629 605 716 μαντικιί,
634 626 730 694 ὁπόσα
756 652 786 692 τε
813 622 1012 706 ἐπελεξάμεθα
1038 624 1088 686 καὶ
1110 619 1212 705 ἡμεῖς,
1241 625 1299 687 καὶ

210 721 363 811 ἐξηγήσεις
395 725 443 787 ἐπὶ
479 721 605 802 τέρασιν.
656 721 841 791 Quibuscum
872 718 1006 778 conferas
1039 715 1172 776 Pausan.
1206 716 1298 792 VIII,

212 823 295 894 18‚1
318 811 462 878 Ἡσιόδου
485 807 542 894 γὰρ
566 804 603 888 δὴ
623 808 679 888 ἔπη
703 802 757 887 τὴν
783 803 1053 887 Θεογονίανείσίν,
1077 804 1107 864 οἳ
1123 804 1299 881 νομίζουσι,

210 913 241 970 et
259 909 311 982 IX,
327 910 379 981 27,
395 909 414 964 2
429 898 571 964 Ἡσίοδον
590 895 623 959 δὲ
641 891 660 976 ἢ
679 892 731 958 τὸν
749 889 879 978 Ἡσιόδῳ
902 892 1065 972 Θεογονίαν
1088 886 1299 970 ἐσποιήσαντα

210 991 278 1058 οἶδα
305 989 473 1078 γράψαντα.
519 990 621 1050 Aliter
648 987 792 1048 Suidas:
823 977 973 1060 ποιήματα
1001 977 1033 1040 δὲ
1061 974 1156 1041 αὐτοῦ
1184 984 1298 1042 ταῦτα·

213 1084 375 1167 Θεογονία,
389 1077 487 1162 Ἔργα
509 1077 559 1138 καί
578 1071 716 1154 Ἡμέραι,
736 1069 853 1149 Ἀσπίς,
875 1072 1033 1130 Γυναικῶν
1056 1064 1234 1148 Κατάλογος
1258 1067 1298 1130 έν

209 1174 337 1255 βιβλίοις
361 1166 397 1249 ε’,
428 1163 618 1247 Ἐπικήδειος
654 1164 703 1236 εἰς’
723 1154 877 1240 Βέτραχόν
904 1181 969 1219 τινα
1002 1150 1152 1236 ἐρόμενον
1185 1151 1299 1236 αὐτοῦ,

209 1260 277 1342 περὶ
296 1257 415 1323 Ἰδαίων
439 1251 593 1318 δακτύλων
615 1251 665 1313 καί
689 1246 761 1311 dua
783 1243 884 1310 πολλά.
920 1239 979 1328 (Βο
1003 1247 1059 1306 heo
1082 1246 1194 1306 Suidae
1219 1266 1297 1306 euu-

180 1357 184 1361 ’
210 1353 376 1413 manatione
400 1369 428 1410 τ.
451 1347 576 1407 Lehrs.
598 1340 844 1402 Pindarsobolieu
865 1357 895 1413 p.
919 1337 981 1396 159
1006 1329 1080 1412 not)
1124 1335 1299 1396 Praeterea

210 1442 342 1502 Hesiodo
373 1439 553 1499 tribuuntur
584 1430 756 1508 Aegimius,
788 1425 995 1501 Astronomia,
1028 1416 1153 1500 Κήῦιιος
1183 1417 1297 1504 γέμος,

206 1523 428 1607 Ἐπιθαλοίμιον
457 1525 499 1597 είς
526 1517 630 1600 Πηλέα
658 1515 708 1578 καὶ
738 1512 838 1591 Θέτιν,
869 1509 990 1590 Θησέως
1012 1511 1054 1583 είς
1067 1505 1177 1574 Ἅιδου
1200 1507 1297 1574 κατιέ-

210 1621 313 1700 βασις,
336 1619 398 1695 Γῆς
420 1611 560 1694 περίοδος
579 1608 708 1670 averiis
727 1603 922 1680 scriptoribus
941 1602 1004 1661 suis
1023 1600 1195 1676 quibusque
1213 1602 1293 1662 locis

209 1711 243 1769 in
269 1705 450 1784 fragmentis
479 1699 630 1776 allegatis.
676 1695 769 1754 Vides
798 1691 889 1751 etiam
916 1691 947 1748 in
975 1689 1022 1748 his
1050 1689 1164 1764 duplex
1192 1689 1295 1750 fuisse

210 1798 437 1874 argumentum,
456 1793 493 1849 ut
510 1806 581 1866 pars
596 1785 762 1846 carminum
780 1781 944 1858 pertineret
962 1777 1002 1836 ad
1020 1778 1296 1853 mythologiam

212 1905 266 1946 seu
299 1879 560 1956 Theogoniam,
592 1873 751 1934 Γυναικῶν
787 1861 965 1946 κατάλογον,
998 1859 1117 1941 Ἠοίας,
1151 1859 1293 1944 Ἀσπίδα,

211 1972 366 2054 Αδμίμιον,
393 1963 515 2045 Θησέως
534 1965 575 2036 εἰς
588 1958 697 2032 Ἅιδου
715 1953 891 2035 κατάβασιν,
912 1947 1145 2031 Ἐπνθαλιίμιον,
1165 1949 1302 2031 Κήϋκος

211 2057 322 2142 γάμον,
354 2054 422 2136 περὶ
441 2051 560 2115 Ἰδαίων
588 2043 756 2122 δακτύλων,
784 2063 854 2122 pars
883 2043 921 2102 ad
944 2042 1150 2118 practicum
1173 2061 1294 2118 genus

212 2171 267 2211 seu
300 2146 429 2224 Opera,
467 2137 655 2221 παραινέσεις
692 2135 857 2213 Χείρωνος,
893 2125 1099 2209 ἀστρονομίαν.
1152 2131 1295 2192 TItulum

211 2231 379 2315 ἐπικήδειος
402 2233 443 2304 είς
466 2223 620 2309 Βάτραχόν
644 2220 707 2308 (vel
730 2213 891 2302 βάτραχόν)
919 2241 984 2279 τινα
1012 2212 1163 2298 ἐρώμενον
1186 2213 1294 2298 αὐτοῦ,

211 2325 388 2386 recentioris
408 2322 518 2382 aetatis
537 2317 679 2377 indicium
698 2313 823 2385 babere,
842 2309 926 2368 cuius
945 2310 1105 2384 praeterea
1123 2327 1179 2384 per
1192 2311 1294 2368 totam

211 2415 425 2490 antiquitatem
457 2429 495 2469 ne
527 2406 682 2467 levissima
714 2400 835 2478 quidem
870 2397 1015 2457 memoria
1051 2398 1148 2474 extet,
1187 2397 1296 2457 docuit

212 2499 508 2563 Marckecheffel.
526 2517 556 2572 p.
573 2495 645 2554 197.
678 2489 758 2566 Age,
778 2487 897 2563 singula
911 2484 1044 2545 carmina
1057 2485 1293 2560 perlustramus.

301 2591 326 2650 Ι.
344 2590 488 2648 Dicamus
511 2585 641 2660 primum
665 2581 702 2638 de
725 2574 924 2636 celeberrimis
947 2573 1147 2650 mythologici
1168 2575 1294 2648 generis

212 2678 374 2757 poematis,
399 2677 436 2734 de
460 2671 638 2745 Oetalogo
663 2669 693 2726 et
716 2663 832 2724 Eoeis.
877 2661 959 2721 Duos
987 2661 1082 2720 fuisse
1104 2661 1212 2721 titulos
1237 2665 1296 2722 uni

106 2751 109 2756 ¹
213 2769 372 2848 eidemque
401 2761 526 2823 carmini
556 2757 682 2828 inditos,
713 2753 792 2830 quod
823 2751 959 2826 plerique
991 2751 1160 2810 criticorum
1198 2753 1295 2810 antea

212 2856 410 2932 putaverant,
443 2849 559 2927 primus
587 2843 756 2920 praefracte
783 2839 906 2915 negavit
937 2836 1232 2898 Marcksoheffel.
1262 2859 1296 2916 p.

215 2946 278 3004 102
295 2961 370 3018 seq,
398 2939 452 3014 qui
474 2935 611 3011 allegans
635 2932 725 2990 Paus.
748 2928 772 3004 I,
796 2930 847 3002 43,
873 2930 901 2986 1.
925 2927 947 3002 Ι,
973 2928 1002 3000 3,
1028 2930 1044 2985 1
1071 2917 1142 3006 (III,
1169 2929 1220 3001 24,
1248 2923 1294 3008 7),

212 3032 254 3106 ΙΙ,
278 3033 307 3105 2,
333 3033 361 3088 3.
384 3027 423 3100 Π,
449 3027 500 3099 16,
524 3026 558 3084 4.·
577 3022 617 3097 ΙΙ,
642 3022 693 3095 26,
713 3021 742 3076 2.
765 3015 817 3089 IV,
842 3017 870 3091 2,
897 3018 923 3073 1.
949 3015 1000 3091 VI,
1020 3016 1072 3088 26,
1093 3017 1143 3074 10.
1167 3015 1222 3094 IX,
1238 3018 1294 3092 36,

215 3125 244 3181 6.
268 3118 321 3195 ΙΧ,
339 3119 390 3188 40,
412 3116 441 3174 5.
468 3113 504 3184 Χ,
524 3112 575 3183 31,
601 3111 618 3169 5
644 3105 825 3166 Pausaniam
853 3105 953 3178 ipsum
981 3106 1144 3178 utrumque
1168 3121 1296 3164 carmen

213 3205 388 3266 distinxisse
410 3202 477 3260 iure
500 3197 653 3258 conclusit.
700 3193 766 3252 Huc
799 3191 928 3264 accedit,
961 3190 1039 3266 quod
1071 3193 1163 3266 poeta
1193 3193 1227 3250 in
1254 3193 1294 3252 iis

213 3294 366 3364 versibus,
386 3290 438 3365 qui
456 3287 545 3346 hodie
569 3283 746 3361 supersunt,
769 3297 982 3355 nonnunquam
1001 3297 1092 3336 unam
1111 3282 1143 3338 et
1163 3282 1295 3341 eandem

213 3381 374 3443 historiam
409 3377 455 3435 bis
490 3374 638 3446 narravit,
675 3369 755 3446 quod
786 3367 845 3426 nisi
874 3367 905 3424 in
941 3367 1068 3426 diuersis
1105 3368 1294 3430 carminibus

213 3470 281 3530 fieri
312 3469 363 3528 vix
394 3467 513 3541 poterat
543 3455 594 3541 (V.
629 3462 665 3519 de
693 3459 786 3532 Buta,
818 3455 954 3531 Neptuni
985 3455 1048 3514 filio
1076 3455 1219 3517 Eustath.
1253 3459 1295 3517 ad

214 3560 251 3618 Il.
274 3577 302 3632 p.
329 3557 368 3614 13
398 3554 429 3612 et
454 3552 585 3611 Pausan.
607 3547 659 3621 IV,
685 3549 714 3620 2,
740 3537 787 3624 1),
818 3561 916 3618 neque
942 3542 1081 3602 omnibus
1110 3545 1185 3604 locis
1210 3546 1295 3606 idem

215 3645 360 3705 historiae
379 3642 592 3716 argumentum
613 3637 734 3696 secutus
745 3635 800 3706 est,
823 3650 891 3692 cum
908 3630 1016 3690 Phinei
1039 3634 1070 3689 et
1088 3631 1295 3709 Endymionis

214 3733 334 3792 fabulas
362 3731 394 3788 in
421 3729 510 3789 Eoeis
538 3727 626 3786 aliter
657 3719 747 3796 atqie
774 3720 805 3778 in
833 3718 979 3794 catalogo
1008 3719 1162 3794 expositas
1195 3722 1295 3784 fuisse

215 3823 333 3882 constet
355 3813 407 3898 (V.
427 3816 518 3876 schol.
546 3814 585 3873 ad
607 3810 708 3886 Apoll.
729 3808 825 3868 Rhod.
848 3807 887 3884 II,
904 3809 976 3866 181.
1000 3807 1052 3881 IV,
1068 3802 1146 3888 66).
1176 3809 1296 3880 Quodsi

215 3897 335 3967 initium
362 3905 458 3978 scuti,
492 3923 528 3962 ex
559 3899 648 3961 Eoeis
672 3897 808 3972 petitum,
840 3895 872 3953 in
902 3897 1011 3969 quarto
1041 3893 1185 3973 Catalogi
1212 3900 1295 3962 libro

216 3997 309 4055 fuisse
332 3995 474 4070 antiquus
501 3987 628 4050 tradidit
650 3984 862 4062 grammaticus
891 3975 937 4060 (in
959 3982 1086 4058 Argum.
1111 3983 1195 4045 Scut.
1219 3984 1295 4068 111),

216 4085 312 4144 Eoeas
345 4084 500 4159 quartum,
530 4075 612 4152 quod
644 4072 823 4147 Catalogum
853 4070 902 4129 vel
935 4068 1096 4146 catalogos
1130 4076 1295 4154 vocabant,

218 4173 356 4232 carminis
380 4171 492 4229 librum
515 4164 648 4224 effecisse
671 4161 690 4220 i.
705 4178 729 4219 e.
748 4160 844 4218 Eoeas
864 4162 894 4218 et
913 4158 992 4218 hunc
1011 4157 1153 4237 Catalogi
1176 4163 1295 4226 librum

216 4279 277 4320 uon
308 4260 428 4320 diversa
459 4255 553 4314 fuisse
582 4249 777 4310 manifestum
808 4249 863 4320 est,
895 4265 923 4306 v.
954 4245 1109 4322 Hesych.
1138 4241 1242 4313 Ἠοῖαι
1277 4248 1294 4316 ὁ
