2904 4900
206 242 273 308 360
537 243 708 296 εειοιον
726 244 789 296 m
808 244 963 295 οωιινοε

216 397 329 467 αὐτῶν
358 401 544 483 Πανείδης,
573 395 721 484 ἀδελφὸς
742 393 792 465 ω”ν
818 401 880 466 τοῦ
900 397 1176 484 τετελευτηκότος.
1220 396 1287 484 ἀμ-

214 507 369 593 φοτέρων
406 504 443 572 δὲ
479 507 549 572 τῶν
585 508 734 590 ποιητῶν
769 508 971 592 θαυμαστῶς
1011 501 1289 590 ἀγωνισαμένων,

214 615 354 697 νικῆσαί
378 633 462 697 φασι
488 609 550 679 τὸν
574 607 733 679 Ἡσίοδον
759 610 820 679 τὸν
847 610 974 698 τρόπον
996 614 1132 678 τοῦτον·
1165 618 1288 696 προελ-

217 716 328 785 θόντα
351 714 415 803 χάρ
438 721 486 796 είς
506 717 545 786 τὸ
569 719 673 804 μέσον
696 717 935 786 πυνθάνεσθαι
956 721 1020 786 τοῦ
1036 714 1182 804 Ὁμῆρου
1204 715 1285 783 καθ’

180 828 259 893 σὲν
283 825 438 909 ἕκαστον,
465 823 526 892 τὸν
554 822 586 892 δ’
608 821 758 912 ’Όμηρον
781 823 1038 912 ἀποκρίνασθαι.
1083 823 1188 910 φησὶν
1220 816 1290 892 οὖν

211 928 381 1008 Ἡσίοδος·

261 1035 315 1104 οίὲ
337 1037 503 1121 Μέλητος,
516 1034 651 1125 Ὅμηρε,
675 1039 770 1104 θεῶν
791 1034 858 1104 ἀπο
880 1036 988 1123 μῆδεα
1010 1036 1119 1122 είδιός,

263 1140 326 1210 τίετ’
352 1141 414 1227 άχε
436 1170 493 1229 μοι
516 1142 711 1231 πάμπρωτα,
734 1149 771 1210 τί
789 1143 956 1230 φέρτατόν
980 1146 1048 1211 ἐστι
1073 1149 1267 1230 βροτοῖσινς

661 1269 847 1320 οωειεοτ.
954 1319 964 1331 ,

164 1377 200 1425 10
264 1351 373 1441 ἀρχὴν
395 1352 459 1440 μέν
482 1351 526 1439 μῆ
549 1356 655 1438 φῦναι
678 1354 926 1438 ἐπιχθονίοισιν
948 1350 1098 1439 ἀριστον,

264 1459 376 1546 φύντα
400 1458 433 1528 δ’
458 1457 547 1538 ὅπως
569 1457 693 1527 ὤκιστα
714 1459 820 1539 πύλας
840 1455 953 1527 Ἀίδαο
976 1463 1126 1548 περῆσαι.

169 1565 379 1646 316Ἡσίοδος
402 1565 440 1634 τὸ
463 1565 636 1652 δεύτερον·

265 1668 331 1740 εἴπ’
357 1670 416 1757 άχε
439 1698 497 1759 μοι
519 1672 575 1739 καί
597 1676 708 1757 τοῦτο,
730 1681 825 1751 θεοῖς
848 1670 1003 1739 ἐπιείκελ’
1019 1671 1155 1758 Ὅμηρε,

264 1785 301 1847 τί
320 1787 502 1864 θνητοῖσιν
524 1775 665 1864 ἀριστον
689 1775 774 1845 ὀίεαι
796 1779 834 1846 ἐν
856 1777 980 1864 φρεσὶν
1004 1777 1108 1858 εἶναι;

170 1884 242 1957 1εὸ
268 1888 318 1954 δέ·

267 1989 418 2059 ὁππόταν
441 1987 635 2076 εὐφροσύνη
660 1989 722 2077 μὲν
746 1995 803 2078 ἔχη
825 1988 909 2057 κάτα
932 1994 1041 2076 δῆμον
1064 1987 1207 2074 ἅπαντα,

269 2095 469 2184 δαιτυμόνες
491 2094 524 2163 δ’
549 2093 615 2164 ἀνά
640 2093 764 2183 δώματ’
790 2092 1017 2177 ἀκουάζωνται
1041 2093 1161 2164 ἀοιδοῦ
1207 2157 1211 2164 .

268 2202 387 2290 ἥμενοι
412 2205 527 2290 ἑξείης,
549 2201 638 2290 παρὰ
662 2202 700 2270 δὲ
722 2204 878 2288 πλήθωσι
901 2204 1057 2289 τράπεζαι

269 2315 365 2379 σίτου
387 2310 442 2377 καὶ
465 2314 598 2396 κρειῶν,
621 2312 712 2398 μέθυ
736 2308 767 2378 δ’
794 2312 829 2378 ἐκ
852 2314 1016 2396 κρητῆρος
1038 2307 1203 2395 ἀφύσσων

171 2439 206 2489 20
270 2416 426 2504 οἰνοχόος
449 2419 590 2504 φορέησι
612 2416 669 2482 καὶ
692 2417 801 2503 ἐγχείη
826 2414 991 2484 δεπάεσσι.

270 2521 371 2591 τοῦτό
395 2529 430 2590 τί
449 2549 508 2610 μοι
529 2522 709 2590 κάλλιστον
733 2522 784 2590 ἐνί
808 2524 930 2610 φρεσὶν
953 2525 1076 2590 εἴδεται
1100 2518 1197 2590 εἶναι.

316 2629 493 2716 ῥηθέντων
522 2628 559 2696 δέ
582 2633 651 2696 τῶν
679 2630 783 2713 ε’πῶν,
808 2626 895 2696 οὕτω
924 2631 1081 2716 σφοδρῶς
1102 2647 1188 2714 φασι
1209 2635 1300 2694 θαυ-
1321 2653 1356 2700 3⁷
1442 2645 1443 2650 ’

229 2739 404 2822 μασθῆναι
426 2732 491 2802 ὑπὸ
519 2737 589 2803 τῶν
606 2732 780 2821 Ἑλλήνων
801 2733 843 2802 τὰ
865 2739 942 2822 ἔπη,
966 2731 1047 2813 ὥςτε
1069 2734 1215 2821 χρυσοῦς
1238 2730 1301 2800 αύ-

228 2841 308 2922 τούς
336 2849 469 2929 στίχους
491 2847 822 2931 προςαχορευθῆναι,
849 2843 905 2910 καὶ
928 2847 977 2909 ἔτι
998 2841 1053 2908 καί
1077 2843 1144 2908 νῦν
1165 2841 1203 2907 ἐν
1225 2854 1302 2918 ταῖς

175 2971 210 3021 25
228 2962 358 3028 κοιναῖς
388 2953 527 3027 θυσίαις
557 2945 622 3035 πρὸ
655 2951 724 3015 τῶν
756 2952 904 3016 δείπνων
933 2947 989 3014 καὶ
1026 2949 1185 3014 σπονδῶν
1216 2969 1302 3033 προ-

230 3054 453 3141 κατεύχεσθαι
486 3052 621 3134 πάντας.
668 3051 686 3120 δ
715 3052 747 3121 δ’
769 3051 939 3140 Ἡσίοδος,
970 3052 1150 3140 ἀχθεσθεὶς
1178 3053 1230 3120 ἐπὶ
1258 3057 1301 3140 τῆ

227 3160 375 3250 Ὁμῆρου
397 3159 567 3250 εὐημερίᾳ,
591 3161 644 3227 ἐπὶ
666 3159 818 3246 τὴντῶν
841 3157 980 3249 ἀπόρων
999 3158 1153 3248 ὥρμησεν
1177 3159 1302 3247 ἐπερά·

229 3288 338 3355 τησιν,
360 3271 420 3334 καί
439 3288 523 3354 φησι
546 3266 664 3346 τούςδε
686 3264 765 3345 τοὺς
788 3270 933 3352 στίχους·

277 3370 406 3459 Μοῦσ’,
430 3371 451 3440 δι’
474 3374 514 3459 γε’
535 3399 592 3460 μοι
615 3370 655 3441 τά
679 3369 707 3440 τ’
734 3371 843 3458 ἐόντα,
866 3369 907 3441 τά
928 3370 959 3440 τ’
986 3370 1161 3460 ἐσσόμενα,
1182 3370 1248 3459 πρό
1274 3369 1300 3439 τ’

873 3477 985 3547 ἐόντα’
1176 3535 1179 3543 .

198 3609 235 3658 30
279 3592 348 3657 τῶν
371 3586 434 3674 μὲν
456 3585 562 3673 μηδὲν
585 3584 687 3672 ἀειδε,
712 3585 754 3654 σὺ
778 3583 808 3653 δ’
834 3584 936 3672 ἀλλης
957 3591 1083 3674 μνῆσαι
1105 3583 1231 3670 ἀοιδῆς.
1274 3597 1279 3602 ’

304 3731 339 3784 V.
355 3737 380 3783 1.
408 3728 643 3852 ΠανείδηςχΓῈ
669 3730 808 3797 πανοίδης
831 3732 881 3785 aut
902 3730 1043 3797 τανοίδης.
1085 3743 1189 3783 cortex.
1217 3726 1307 3782 Her-

234 3818 386 3856 mannus.
410 3798 572 3855 (ἔσελθε
620 3801 717 3854 zetza
734 3801 871 3869 Πανίδης.

305 3871 340 3926 V.
361 3876 402 3925 11.
431 3863 533 3940 ὅπως]
552 3871 574 3924 F
596 3864 679 3940 ὅμως.

306 3941 341 3995 V.
362 3948 404 3997 16.
432 3936 532 4012 κάτα]
550 3942 573 3996 F
592 3936 675 3997 ιιατά.
704 3958 773 3996 corr.
791 3942 902 3997 Nietz.

307 4012 341 4067 V.
361 4018 403 4069 24.
434 4012 585 4083 στίχους]
604 4012 627 4066 F
646 4012 749 4067 omisit.
777 4012 903 4068 restituit
921 4013 940 4068 S
958 4010 989 4066 in
1008 4010 1141 4081 margine.

307 4084 341 4138 V.
361 4089 404 4138 25.
432 4084 578 4145 θυσίαις
596 4082 672 4154 apud
692 4083 820 4139 GoettL
840 4084 951 4139 excidit.

307 4155 341 4209 V.
362 4160 405 4208 29.
433 4148 552 4221 Μοῦσ’,
575 4147 595 4207 ἀ
618 4152 655 4222 γέ
680 4155 750 4225 μοι]
773 4155 795 4208 F
822 4149 920 4209 Mov‘m'
948 4148 1001 4221 ἀχε
1020 4173 1076 4224 μοι.
1110 4168 1180 4207 corr.
1194 4151 1311 4210 Nietz.

236 4225 364 4282 Goettl.
382 4223 556 4292 praefatione
574 4242 601 4294 p.
621 4223 712 4280 XXIV
731 4226 802 4280 coni.
821 4225 927 4280 Μούσα
944 4223 1027 4292 λέγει.
