2902 4900
231 347 294 412 366
554 347 726 399 Ηειοιου
744 333 805 397 εει
825 346 982 397 οαΗΡον

275 503 475 588 κρινθέντες
502 500 617 586 Τρῶάς
639 526 673 568 τε
696 501 751 567 καὶ
767 497 909 587 Ἕκτορα
933 504 1010 568 δῖον
1034 505 1186 587 ἔμιμνον,

276 604 461 692 πράξαντες
485 605 570 694 δόρυ
595 610 704 695 δουρί,
728 606 829 685 σάκος
851 605 947 674 σάκει·
968 605 1207 696 προθελύμνῳ·
1288 687 1295 690 -

276 711 375 792 άσπὶς
397 710 448 799 ἄρ’
474 709 585 780 ἀσπίδ’
611 716 729 800 ἔρειδε,
751 712 854 800 κόρυς
871 711 989 801 κόρυν,
1012 710 1117 799 άνέρα
1138 710 1167 779 δ’
1187 709 1280 798 άνήρ,

276 823 388 900 ψαῦον
414 817 444 885 δ’
472 818 651 905 ίππόκομοι
673 818 820 906 κόρυθες
843 826 1023 907 λαμπροῖσι
1046 817 1185 905 φάλοισι

276 924 462 993 νευόντων·
486 921 532 1004 όδς
553 927 677 994 πυκνοὶ
700 927 886 1011 ἐφέστασαν
911 922 1117 1011 άλλήλοισιν.

278 1033 413 1118 ἔφριξεν
438 1030 475 1099 δὲ
499 1030 585 1118 μάχη
609 1037 857 1118 φθισίμβροτος
881 1032 1027 1118 ἐγχείῃσι

276 1152 427 1226 μακραῖς,
452 1133 491 1215 δὶς
515 1135 606 1224 είχον
629 1143 855 1224 ταμεσίχροας.
902 1135 981 1205 όσσε
1006 1137 1037 1204 δ’
1063 1136 1209 1226 ἄμερδεν
1298 1146 1340 1206 ’41

276 1241 363 1329 οιύγή
386 1249 532 1330 χαλκείη,
555 1241 716 1331 κορύθων
740 1241 804 1310 άπο
829 1241 1085 1330 λαμπομενάων,

274 1350 444 1436 θωρήκων
468 1376 503 1417 τε
526 1348 752 1436 νεοσμήκτων,
777 1351 907 1418 σακέων
927 1377 962 1418 τε
986 1353 1139 1437 φαεινῦν

276 1456 468 1544 ἐρχομένων
491 1453 621 1541 άμυδις.
668 1453 756 1540 μάλα
778 1481 837 1523 κεν
860 1455 1113 1544 θρασυκάρδιος
1136 1463 1188 1541 εἴη

276 1557 314 1641 ὃς
335 1560 411 1629 τότε
433 1559 617 1646 γηθήσειεν
641 1558 724 1628 ίδδιν
748 1559 857 1628 πόνον
882 1559 955 1628 οὐδ’
981 1560 1147 1647 ἀκάχοιτο.

319 1701 557 1789 θαυμάσαντες
581 1701 618 1769 δὲ
640 1703 695 1769 καὶ
719 1704 756 1770 ἐν
779 1701 886 1793 τούτω
916 1700 977 1770 τὸν
997 1700 1146 1792 Ὅμηρον
1171 1707 1206 1771 οί
1226 1702 1297 1770 Ἕλ-

231 1817 330 1895 ληνες
357 1806 521 1896 ἐπήνουυ,
552 1804 597 1886 ὡς
623 1805 712 1894 παρά
739 1806 777 1875 τὸ
809 1812 976 1896 προςήκου
1008 1808 1198 1894 γεγονότων
1230 1813 1297 1876 τάν

231 1916 337 1999 ἐπῶν,
359 1915 416 1981 καὶ
444 1914 598 1981 ἐκέλευον
623 1911 758 1980 διδόναι
785 1912 847 2000 τήν
875 1919 982 1999 νίκην.
1030 1911 1047 1981 ό
1079 1913 1116 1982 δὲ
1143 1914 1300 2001 βασιλεὺς

178 2027 212 2076 15
232 2017 293 2087 τόν
311 2017 473 2087 Ἡσίοδον
502 2018 733 2104 ἐστεφάνωσεν
762 2017 865 2087 είπδιν
890 2022 1022 2086 δίκαιον
1047 2017 1225 2102 ἐἶναιτόν
1248 2021 1298 2089 ἐπὶ

232 2131 399 2212 γεωργίαν
436 2125 492 2192 καὶ
529 2124 667 2214 είρήνην
703 2123 979 2212 προκαλούμενον
1016 2132 1130 2215 νικᾶν,
1161 2126 1204 2196 οῦ
1240 2126 1297 2196 τὸν

231 2232 399 2318 πολέμους
420 2232 476 2299 καὶ
496 2229 626 2317 σφαγὰς
646 2231 822 2314 διεξιόντα.
854 2236 912 2318 τής
930 2231 993 2319 μὲν
1013 2226 1077 2302 οὖν
1096 2241 1192 2320 νίκης
1213 2233 1298 2302 ούτω

233 2339 316 2424 φασὶ
338 2352 451 2425 τυχεῖν
469 2335 530 2406 τὸν
548 2336 723 2407 Ἡσίοδον·
747 2339 802 2405 καὶ
822 2338 969 2424 λαβόντα
987 2335 1129 2429 τρίποδα
1153 2345 1300 2428 χαλκοῦν

232 2441 415 2512 άναθεῖναι
437 2458 510 2524 ταῖς
532 2443 700 2529 Μούσαις,
724 2443 966 2531 ἐπιγράψαντα·

178 2576 213 2625 20
272 2566 430 2648 Ἡσίοδος
453 2567 610 2646 Μούσαις
627 2565 818 2646 Ἑλικωνίσι
840 2568 935 2638 τόνδ’
961 2567 1140 2656 άνέθηκευ,

277 2673 373 2764 ῦμνφ
397 2673 537 2760 νικήσας
560 2675 597 2741 ἐν
619 2677 762 2742 Χαλκίδι
784 2685 884 2744 θεῖον
899 2673 1058 2766 Ὅμηρον.

321 2802 383 2865 τοῦ
411 2796 442 2864 δ’
468 2796 600 2883 άγῦνος
627 2800 850 2884 διαλυθέντος
879 2802 1075 2868 διέπλευσεν
1104 2798 1121 2868 ὁ
1146 2797 1301 2880 Ἡσίοδος

233 2907 280 2982 είς
302 2900 460 2989 Δελφοὺς
482 2901 700 2990 χρησόμενος,
722 2904 778 2970 καὶ
801 2909 860 2990 τής
877 2903 1141 2994 νίκηςάπαρχδις
1160 2910 1207 2998 τῷ
1230 2909 1298 2997 θεῷ

232 3006 428 3095 άυαθήσωυ.
473 3011 741 3097 προςερχομένου
775 3008 806 3077 δ’
843 3009 947 3078 αῦτοῦ
978 2998 1024 3103 τῷ
1059 3015 1144 3104 ναῷ,
1176 3017 1298 3081 ἐνθεον

181 3123 214 3171 25
233 3116 421 3201 γενομένην
443 3112 506 3200 τήν
528 3119 697 3202 προφήτίν
721 3135 826 3202 φασιν
850 3121 969 3185 εἰπεῖν·

209 3247 211 3250 ’
278 3255 393 3342 ὄλβιος
416 3247 515 3334 οὗτος
537 3253 634 3344 άνήρ,
659 3253 697 3335 δς
721 3255 803 3343 ἐμὸν
828 3257 935 3344 δόμον
958 3257 1191 3345 άμφιπολεύει,

273 3359 440 3446 Ἡσίοδος,
463 3361 625 3450 Μούσησι
647 3364 816 3449 τετιμένος
834 3361 1038 3452 άθανάτησι·

277 3471 338 3536 τοῦ
363 3466 394 3535 δ’
420 3467 494 3554 ήτοι
517 3471 613 3548 κλέος
636 3473 727 3537 ἔσται
750 3467 833 3538 ὅσον
856 3468 885 3536 τ’
912 3473 1118 3539 ἐπικίδναται
1141 3470 1218 3558 ήάς.

280 3572 364 3642 άλλά
389 3572 475 3654 Διὸς
496 3573 666 3660 πεφύλαξο
691 3580 840 3661 Νεμείου
862 3574 1027 3662 κάλλιμον
1050 3574 1165 3656 άλσος·

182 3672 216 3719 ³⁰
279 3689 371 3748 κεῖθι
396 3683 436 3748 δέ
456 3707 509 3748 τοι
531 3679 696 3748 θανάτοιο
720 3683 813 3761 τέλος
835 3684 1053 3770 πεπρωμένον
1077 3685 1176 3750 ἐστί.

325 3820 342 3890 δ
368 3821 400 3889 δ’
425 3820 583 3901 Ἡσίοδος
604 3818 751 3902 άκούσας
773 3829 834 3892 τοῦ
850 3829 1024 3914 χρησμοῦ,
1047 3829 1106 3911 τῆς
1125 3833 1299 3894 Πελοπον-

127 3973 130 3982 ·
236 3927 347 4015 νήσου
369 3927 431 4015 μέν
454 3926 625 4015 άνεχιόρει,
648 3934 788 4015 νομίσας
812 3929 872 4017 τήν
894 3934 962 3999 ἐκεῖ
974 3932 1110 4018 Νεμέαν
1132 3930 1194 4000 τὸν
1217 3929 1299 4001 θεὸν

235 4038 358 4122 λέγειν·
383 4040 430 4114 είς
454 4033 485 4101 δ’
509 4033 638 4119 Οἰνόην
656 4039 715 4121 τῆς
730 4040 896 4125 Λοκρίδος
915 4035 1028 4106 ἐλθάυ
1051 4037 1207 4106 καταλύει
1225 4033 1298 4121 παρ’

307 4250 341 4302 V.
361 4255 386 4305 3.
423 4241 493 4300 δ’δ’
513 4242 576 4315 ἄρ’.

308 4320 341 4373 V.
361 4324 404 4372 28.
442 4311 538 4388 ὅσον]
558 4312 628 4386 ὅσην
646 4319 668 4372 F
688 4321 716 4372 et
736 4318 763 4372 S.
