2938 4892
519 283 613 336 ΕΡΓΑ
630 283 696 336 lm
712 285 863 336 HMEPAI.
1167 283 1230 348 229

164 435 285 523 ἐγγύθι
308 435 512 524 ναιετάουσ’,
538 441 573 506 οί
593 436 625 505 τ’
650 436 754 524 άγιιεα
776 438 982 526 βησσήεντα,
1005 491 1007 496 .

163 542 292 613 πόντον
314 549 540 632 κυμαίνοντος
561 543 749 634 ἀπόπροθι,
772 552 874 615 πίονα
897 550 1009 636 χῶρον
1177 567 1231 616 390

164 656 336 719 ναίουσιν·
359 649 490 739 γυμνὸν
515 659 679 742 σπείρειν,
702 651 835 741 γυμνὸν
858 652 896 721 δὲ
918 657 1074 740 βοωτεῖν,

163 755 297 846 γυμνὸν
320 754 350 823 θ’
375 757 513 845 ἀμάειν,
536 767 570 827 εί
588 757 618 846 χ’
645 758 730 847 ὥρια
751 759 861 828 πάντα
884 761 1039 848 elegeos

164 871 244 954 ἔργα
266 869 462 952 κομίζεσθαι
486 865 709 955 [Δημήτερος
734 864 779 946 ὥς
800 893 852 934 τοι
876 868 995 936 ἕκαστα

234 1096 268 1151 V.
284 1101 345 1151 389.
381 1091 601 1169 ναιετάουσ’]
622 1097 668 1152 Sie
683 1098 746 1153 Vst.
766 1097 822 1154 Vl.
841 1097 980 1168 multique
994 1097 1053 1154 ulii.
1080 1098 1140 1155 Me.
1154 1118 1230 1154 ναιε-

164 1164 288 1224 τάουσιν.
325 1166 412 1222 Pauci
429 1169 463 1223 ut
478 1167 551 1237 Pur„
570 1163 732 1226 ναιετάωσ’.

235 1239 268 1294 V.
287 1244 348 1293 391.
385 1239 564 1312 ναίουσιν]
590 1240 690 1310 Pauci,
709 1243 742 1296 ut
759 1241 835 1311 Pan,
854 1241 979 1296 ναίοισιν,
1015 1240 1103 1296 Porro
1122 1235 1230 1312 γυμνὸν

163 1308 195 1365 el
215 1309 271 1366 Vl.
300 1309 364 1364 vas
384 1315 410 1363 2.
429 1310 491 1364 Per.

234 1380 268 1436 V.
292 1387 353 1436 392.
395 1375 523 1449 ἀμάειν
579 1381 624 1436 Sin
647 1399 711 1437 eum
738 1383 871 1438 lemmate
893 1383 1010 1438 Procli
1032 1383 1092 1438 Mo.
1115 1383 1176 1438 Par.
1201 1384 1230 1438 et

163 1451 267 1508 otimi
289 1451 369 1508 codd.
406 1451 490 1522 Vulg.
514 1448 620 1524 αμάαν.
644 1454 688 1509 Al.
713 1448 853 1524 ἀμᾶσθαι.
894 1455 990 1509 Etiam
1008 1454 1080 1510 cert.
1099 1455 1181 1510 Hom.
1201 1459 1230 1509 et

191 1541 228 1578 es.
247 1541 274 1593 p.
293 1529 345 1577 321
364 1522 417 1590 (ed.
436 1524 472 1592 ll)
496 1517 601 1594 ἀμάειν
620 1525 679 1580 eod.
698 1523 772 1582 Flor.
791 1526 921 1595 praebet,
943 1542 1001 1581 non
1018 1520 1128 1597 ἀμάαν,
1152 1526 1229 1595 quod

162 1597 283 1663 utroque
309 1594 372 1649 loeo
400 1593 525 1650 Goettl.
553 1595 733 1665 praetulerat
778 1595 852 1651 Hine
875 1596 1010 1653 Koeehl.
1039 1598 1164 1652 ednotst
1192 1596 1229 1651 od

162 1666 191 1721 h.
210 1684 236 1722 v.
261 1664 392 1735 corrigas.
416 1696 450 1706 —
473 1665 514 1720 De
526 1669 650 1726 ,vetuste
671 1667 762 1722 forms
782 1662 889 1736 ἀμάειν
913 1665 947 1724 of.
966 1668 1088 1723 steh.
1107 1667 1180 1722 Disl.
1198 1685 1227 1736 p.

162 1743 216 1862 {63
231 1739 261 1792 et
278 1742 340 1792 446.
359 1767 393 1776 —
411 1731 525 1792 πάντα
543 1735 703 1809 θέλησθα
721 1738 781 1794 Mo.
800 1738 863 1794 Par.
883 1737 947 1794 vas.
967 1745 992 1794 2.
1029 1738 1122 1809 Vulgo
1140 1733 1227 1794 πάντ’

181 1807 237 1864 θέί
257 1811 323 1862 σθα.

262 1883 349 1933 .393.
386 1872 423 1940 ἀς
445 1897 475 1933 τε
497 1878 628 1935 frasso
650 1881 761 1936 Bentl.
803 1877 842 1944 ἀς
869 1877 903 1936 τά
926 1879 1056 1938 ,fisneta
1081 1899 1116 1937 ex
1138 1880 1229 1937 Hom.

163 1950 215 2007 Od.
235 1950 294 2018 XII,
315 1955 348 2004 16
367 1948 513 2020 Leunep.

162 2158 264 2233 Νόμος
282 2179 339 2218 nou
351 2179 413 2218 esse
424 2163 606 2219 Homericum
620 2181 670 2220 vo·
723 2165 862 2222 versibus:
878 2157 963 2229 οὗτός
975 2185 1018 2222 τοι
1028 2168 1134 2221 πεδίον
1149 2164 1228 2222 ulle·

164 2233 297 2289 eubulum
313 2233 371 2289 iem
389 2234 615 2290 animadversum
633 2235 668 2291 ub
723 2257 770 2292 ται
788 2232 887 2307 νόμος,
911 2237 944 2290 οί
961 2256 990 2292 τε
1014 2232 1161 2305 θαλάσσης
1184 2234 1229 2306 ίγ·

163 2305 297 2361 sitisset.
335 2304 367 2360 V.
391 2305 429 2360 od
446 2305 552 2376 Theog.
573 2312 615 2362 66.
723 2304 797 2377 γάθι
828 2303 992 2363 ναιετάονσ’
1026 2309 1059 2372 οἳ
1080 2302 1108 2360 τ’
1136 2303 1228 2376 ἀγαεα

200 2376 233 2430 V.
248 2381 309 2431 391.
342 2373 474 2446 γυμνὸν
492 2378 668 2448 σπείρειν]
724 2375 890 2451 βησσήεντα,
903 2374 1227 2448 quibusposteeno'vsoo

164 2447 340 2517 Aristoph.
368 2447 469 2515 Lysist.
494 2453 576 2503 1173:
612 2443 669 2517 ἤδη
723 2451 910 2520 κυμαίνοντος
941 2444 1103 2519 ἀπόπροθι,
1141 2451 1227 2504 πίονα

162 2525 300 2588 γεωργεῖν
319 2513 427 2589 γυμνὸς
440 2514 553 2581 ἀποδὺς
570 2515 668 2591 βοάλο-
722 2522 814 2591 χῶρον
832 2522 962 2576 ναίουσιν
985 2520 1082 2590 inepte
1100 2520 1227 2574 suffitum

163 2610 223 2660 μαι.
255 2589 352 2661 Verg.
372 2589 674 2660 Georg.1‚299:un-·
723 2592 767 2650 sit.
805 2591 869 2661 Sed,
888 2594 921 2647 ut
938 2609 1035 2647 verum
1052 2592 1155 2660 fatear,
1179 2608 1228 2646 our
1314 2637 1316 2644 ,

162 2662 225 2716 dus
248 2677 319 2726 ore,
342 2676 415 2715 sere
438 2662 556 2718 nudus.
596 2662 669 2716 Hine
722 2664 965 2733 hieaquoquum
985 2661 1227 2732 Attieseetqui-

162 2733 276 2787 Aurel.
302 2732 389 2787 Viet.
409 2738 451 2789 17.
490 2731 669 2799 Quinctius
723 2736 788 2790 dem
815 2735 958 2804 tripertito
989 2734 1094 2789 mentio
1121 2733 1230 2788 inieetsl

163 2803 288 2859 dictator
305 2803 411 2871 diutiss,
433 2804 469 2858 ed
487 2821 572 2874 quem
589 2803 668 2859 missi
722 2805 768 2874 sit,
782 2805 917 2862 nonsatis
929 2805 1112 2876 intellegitur,
1126 2805 1227 2860 deinde

162 2876 191 2929 le
212 2875 253 2930 an
264 2874 445 2930 uudumsum
455 2877 582 2930 aruntem
591 2877 668 2931 truus
722 2878 869 2947 διαπρίσας
896 2889 947 2932 seu
977 2871 1167 2947 ὑπερακρίους
1197 2876 1228 2932 in

163 2893 483 3028 Tiiserimolienderunt
496 2947 514 3001 i.
525 2964 550 3004 o.
564 2945 670 3002 reie'otu
723 2948 919 3030 suimojuisse
939 2948 966 3002 oi
983 2950 1092 3030 poetae,
1111 2947 1161 3017 qui
1178 2942 1228 3017 ἀγ-

163 3017 201 3071 ub
224 3018 348 3072 humens
375 3018 478 3075 turries.
524 3017 599 3072 Illud
620 3038 668 3087 γυ·
722 3039 776 3074 κεα
798 3019 845 3074 lno
863 3018 1035 3086 adhibuerit,
1058 3035 1114 3074 non
1132 3019 1227 3074 edmo-

163 3084 237 3158 μνόν
260 3090 386 3156 σπείρειν
404 3084 463 3143 ατὲ.
490 3089 601 3145 videtur
623 3106 667 3144 ar·
723 3092 791 3146 dum
826 3091 973 3160 probabile
1008 3089 1132 3159 videtur,
1165 3108 1228 3145 eum

164 3159 236 3215 etius
253 3160 402 3215 cohaerere
419 3176 483 3214 eum
501 3160 669 3216 antecedeu·
723 3162 753 3216 in
772 3162 957 3222 describenda
975 3161 1027 3216 ills
1048 3162 1163 3232 regione
1182 3179 1228 3217 eu·

162 3230 252 3300 tibus,
293 3247 378 3299 quern
418 3231 504 3300 vulgo
544 3231 670 3287 iudicent
717 3236 775 3324 put
783 3236 826 3289 rei
835 3233 873 3289 sit
881 3228 980 3303 ἀγνεα,
995 3249 1051 3288 non
1061 3230 1248 3304 βησσήεντα.’

162 3302 298 3372 positura.
348 3301 457 3371 Nempe
491 3302 544 3357 hoo
581 3302 671 3358 voluit
722 3311 817 3375 Αγκεα
831 3304 905 3360 enim
919 3298 1077 3376 βησσήεντα
1091 3308 1156 3360 sunt
1169 3305 1227 3359 vul·

161 3376 260 3442 poete:
300 3373 371 3428 haee
408 3373 549 3442 donnino,
585 3391 670 3443 quum
723 3379 774 3444 lss,
792 3393 864 3446 quse
880 3375 1013 3431 saltuosis
1026 3376 1168 3430 montibus
1185 3375 1228 3430 ite

162 3461 299 3514 propono,
317 3444 355 3499 od
372 3444 482 3499 uoeolas
502 3460 567 3500 orne
585 3446 668 3499 meri·
721 3447 908 3516 eontinentur,
926 3449 959 3501 ut
971 3450 1050 3501 tutuo
1064 3447 1177 3501 ieeeunt
1189 3447 1226 3502 ab

161 3516 250 3572 timue
274 3519 303 3570 et
324 3515 362 3570 ad
385 3532 432 3570 eos
455 3515 589 3585 pertinet,
619 3518 669 3584 qui
721 3519 905 3588 aquilonibus.
935 3517 1066 3573 Ceterum
1085 3517 1118 3572 σί,
1137 3518 1227 3571 Ran-

159 3587 250 3642 vulles
282 3586 422 3656 pleneque
454 3586 592 3655 ineolunt;
630 3588 667 3642 ad
720 3589 813 3645 lium
830 3591 882 3645 l.l.
901 3607 928 3658 p.
944 3593 992 3643 33:
1016 3589 1071 3656 „At
1089 3588 1225 3643 deBoeo-

158 3660 309 3712 montanos
334 3674 390 3713 non
415 3657 491 3713 item.
539 3659 613 3712 Num
636 3659 667 3713 hi
720 3662 761 3716 tis
777 3661 864 3716 verba
888 3658 994 3729 optime
1018 3658 1074 3714 diei
1091 3657 1225 3729 potuisse,

159 3746 223 3784 oum
241 3729 401 3799 frigidiores
418 3730 518 3800 plsgss
533 3730 665 3798 habeant,
720 3749 753 3787 ex
767 3733 801 3786 iis
816 3731 943 3801 apparet,
961 3746 1032 3800 quos
1048 3729 1102 3784 Od.
1117 3729 1225 3784 Muel-

157 3817 271 3856 neeesss
294 3802 349 3868 est,
377 3805 409 3854 ut
436 3801 493 3856 slis
516 3805 667 3871 praecepto
719 3805 811 3858 lenus
861 3803 896 3858 de
938 3802 1106 3857 Boeotorum
1151 3803 1227 3856 terre

159 3871 194 3926 de
212 3888 303 3927 messe
318 3875 347 3926 et
361 3871 486 3928 oratione
506 3876 664 3942 sequentur.
719 3874 828 3942 docuit,
866 3873 900 3928 cf.
935 3873 1088 3929 Orohorn.
1125 3887 1157 3941 p„
1181 3879 1224 3929 25.

159 3943 206 3998 Sie
224 3942 311 3998 etiem
329 3941 472 3998 Proelus
494 3943 665 4000 intellexisse
718 3946 834 4001 Boeot.
853 3963 880 4015 p.
896 3950 948 3999 μου
967 3944 1004 3999 in.
1020 3943 1137 4000 Boeotis
1150 3943 1226 3998 enirn

158 4013 278 4069 videtur.
341 4013 433 4070 Aliter
473 4013 666 4071 Lehrsins
719 4019 749 4072 et
766 4016 904 4072 montium
926 4016 1000 4086 iugis
1023 4015 1115 4070 cineta
1134 4018 1177 4080 est
1196 4017 1225 4069 st

159 4085 273 4151 Quaest
293 4102 357 4156 epp.
374 4103 402 4155 p.
418 4091 483 4152 186,
502 4086 551 4154 qui
568 4104 665 4142 versus
718 4091 797 4143 treus
821 4090 930 4142 montes
958 4087 994 4142 ad
1017 4086 1103 4140 meris
1125 4086 1225 4141 littora

157 4161 219 4212 388.
239 4163 291 4212 389
319 4156 350 4211 in
373 4157 470 4211 Attiou
490 4157 581 4214 suetos
605 4174 665 4213 esse
719 4159 826 4229 eampis
844 4157 1074 4214 fructuosissimis
1092 4158 1225 4226 gaudet‘*

156 4228 327 4354 ηοεμὶορίορ,
340 4224 665 4354 ρῒοοίπεθιριξρψάρα·
717 4229 864 4287 Consentit
883 4229 1000 4286 Stsitr.
1019 4247 1046 4298 p,
1069 4234 1127 4283 120.

173 4319 200 4354 οι
238 4317 253 4355 e
323 4316 428 4368 ιαιριοι
464 4318 493 4353 m
546 4317 617 4370 egen
633 4319 666 4354 ur
