2892 4902
246 357 324 404 XXII

245 508 329 581 ptor;
352 526 380 565 u.
403 505 554 565 Boeokh.
579 503 667 582 (torp.
690 506 782 566 Inscr.
800 506 839 567 H.
853 527 881 583 p.
898 507 970 566 302.
986 500 1075 586 338).
1107 505 1221 566 Verum
1239 506 1313 566 haee

246 594 350 653 fabula
373 594 410 653 de
432 594 558 654 Hesiodi
580 593 650 654 filiis
674 614 733 655 non
761 600 824 655 tam
847 597 883 654 de
905 596 1049 671 progenie
1071 596 1138 671 ipsa
1161 615 1195 656 ac
1219 596 1313 672 stirpe

246 687 352 758 poetae
374 682 469 760 valet,
498 701 588 759 quam
611 684 648 743 de
676 684 739 744 eius
763 685 857 762 secte,
891 685 928 744 de
960 703 1019 761 qua
1050 688 1157 760 postea
1189 686 1313 746 dicetur.

245 771 393 832 Dicuntur
409 772 491 830 enim
509 772 643 832 familiae
656 773 746 832 etiam
761 774 879 833 scholae
892 774 1138 850 philosophorum
1153 767 1193 856 (v.
1208 774 1312 834 Wolf.

246 859 386 937 Prolegg.
413 880 442 937 p.
466 854 619 942 xovm).
663 861 759 922 Valde
789 863 904 921 incerta
933 863 980 922 est
1006 862 1101 938 igitur
1128 865 1312 938 computatio

219 949 427 1009 ¹Dodwelli
450 950 487 1008 de
510 944 602 1027 cyclis
625 948 662 1024 V,
683 954 724 1011 10
746 951 803 1011 hao
825 951 930 1011 fabula
952 950 1063 1010 confisi.
1099 951 1195 1012 Nobis
1218 951 1313 1028 igitur

244 1057 324 1098 nunc
345 1039 409 1098 fere
433 1039 680 1114 acquiescendum
703 1059 770 1100 esse
792 1040 913 1100 videtur
939 1039 972 1098 in
994 1041 1145 1100 sententia
1166 1040 1313 1101 Herodoti

244 1127 289 1202 H,
315 1129 371 1204 53,
401 1127 453 1204 qui
475 1128 686 1210 Hesiodum,
710 1129 728 1187 i.
753 1149 777 1190 e.
806 1129 998 1206 Theogoniae
1026 1132 1161 1205 poetam,
1189 1132 1220 1188 et
1242 1129 1313 1191 Ho-

244 1235 379 1291 merum
403 1215 631 1294 quadringentis
653 1217 717 1276 fere
741 1217 827 1277 annis
851 1236 937 1277 suam
964 1217 1059 1294 ipsius
1083 1219 1216 1278 aetatem
1241 1218 1314 1278 dicIt

244 1307 429 1365 antecedere.
479 1306 558 1365 Nam
592 1307 636 1365 ita
673 1307 764 1365 etiam
795 1305 989 1366 Cornelius
1022 1306 1139 1382 Nepos
1171 1307 1204 1366 in
1235 1308 1313 1367 libro

244 1393 451 1454 chronicorum
474 1395 553 1470 apud
575 1393 707 1456 Gellium
720 1394 816 1469 XVII,
831 1399 871 1455 21
898 1388 987 1474 (Nep.
1002 1396 1048 1456 ed.
1062 1395 1162 1457 Halm.
1176 1416 1205 1474 p.
1221 1390 1312 1478 11.9):

243 1481 422 1542 Vixerunt
448 1476 502 1562 (sc.
524 1483 674 1544 Homerus
703 1487 734 1544 et
756 1479 923 1566 Hesiodus)
951 1488 1036 1544 ante
1063 1485 1205 1545 Romam
1233 1503 1313 1545 oon-

244 1571 368 1649 ditem,
393 1575 432 1631 ut
451 1572 642 1632 Cornelius
657 1573 776 1650 Nepos
799 1573 835 1633 in
858 1574 972 1649 primo
996 1573 1248 1634 chronieorum
1271 1574 1313 1634 de

243 1660 396 1720 Homero
426 1661 532 1735 dixit,
563 1663 667 1721 annis
695 1662 847 1722 circIter
874 1666 1017 1722 centum
1045 1665 1081 1722 et
1108 1663 1313 1740 sexaginta.

243 1747 376 1820 Quocum
405 1749 599 1810 consentiunt
621 1751 869 1827 Euthymenee
892 1750 924 1811 in
951 1750 1106 1812 Chronicis
1130 1755 1161 1812 et
1183 1750 1312 1812 Arche-

243 1840 390 1899 machus
420 1839 452 1898 in
474 1839 566 1898 tertio
589 1839 789 1899 Euboicorum
805 1832 846 1917 (v.
866 1838 1038 1900 Clement.
1056 1841 1142 1900 Alex.
1160 1841 1270 1901 Strom.
1289 1841 1312 1901 Ι.

242 1947 271 2002 p.
296 1930 359 1987 14ss
385 1925 468 2005 Sylb.
492 1927 526 1985 Τ
549 1927 588 1986 ΙΙ.
612 1948 641 2003 p.
666 1930 706 1987 96
730 1921 844 2010 Binda)
878 1921 1097 2007 Εὐθυμένης
1123 1925 1155 1989 δὲ
1188 1928 1221 1989 ἔν
1252 1933 1314 2002 τοῖς

243 2017 403 2093 Χρονικοῖς
435 2009 662 2094 συνακμάσαντα
689 2009 818 2101 Ησιόδιμ
846 2015 894 2078 ἐστὶ
917 2011 1060 2079 Ἀκάστου
1088 2015 1191 2078 ἐνί
1148 2018 1191 2077 Χί
1189 2041 1212 2102 ῳ
1236 2015 1325 2099 pand.

130 2173 132 2180 y
243 2107 316 2164 σθαι
343 2098 464 2183 napi
436 2125 468 2166 το
496 2098 699 2166 διακοσιοστὸν
723 2078 837 2178 ἔτος“
816 2123 939 2185 υστερον
969 2109 1021 2185 τῆς
1048 2101 1137 2172 Ἰλίου
1169 2081 1312 2180 ἁλώσεως.

242 2215 349 2300 τμυτης
373 2190 405 2253 δέ
428 2191 487 2253 dota
504 2197 557 2272 τῆς
580 2188 651 2272 δόξη
654 2217 669 2266 ς
686 2217 737 2255 και
727 2188 961 2306 Ἀρχέμαχος
984 2194 1017 2255 ἔν
1035 2184 1197 2274 Εὐβοικῶν
1200 2197 1312 2302 *τρίτῳ

243 2273 284 2354 ὥς
303 2275 442 2341 εἶναι’
406 2277 496 2343 αυτόν
523 2304 552 2342 τε
580 2277 680 2342 καλ
652 2306 704 2344 τον
725 2277 867 2361 Ἡσίοδον
894 2282 945 2344 καὶ
967 2279 1135 2345 Ἐλισσαίου
1162 2288 1215 2345 τοῦ
1241 2305 1313 2365 προ-

243 2363 341 2448 φήτου
373 2366 541 2480 νεωτέρους.
600 2371 644 2432 cf.
673 2358 807 2433 etiaml
829 2374 897 2434 1.1.
922 2395 951 2450 p.
977 2376 1053 2448 139,
1082 2375 1116 2434 T.
1139 2374 1230 2452 ILp.
1256 2376 1311 2435 90.

234 2453 375 2566 Ὅμηρος
390 2455 422 2519 δὲ
445 2456 495 2518 καὶ
517 2453 656 2534 Ἠσίοδος
689 2465 787 2573 πολλῷ
815 2456 950 2541 νεώτεροι
975 2465 1034 2522 τῶν
1060 2455 1208 2540 Ἰλιακῶν,
1240 2457 1310 2541 μεθ’

243 2540 296 2621 οὓς
328 2551 430 2654 μακρῷ
461 2543 598 2629 νεώτεροι
629 2549 661 2611 οῖ
686 2571 747 2630 παρ
752 2524 910 2630 ’Ἕλλησι
931 2549 1106 2631 νομοθέται,
1133 2546 1314 2634 Λυκοῦργός

182 2661 186 2666 ·
225 2658 271 2696 ,τε
293 2633 343 2696 καλ
365 2631 473 2698 Σόλων
494 2659 566 2699 aar.
589 2642 614 2698 λ.
672 2639 756 2700 Inter
792 2642 972 2700 reeentIores
1003 2641 1172 2717 philologos
1204 2641 1313 2700 horum

242 2726 352 2786 iudicio
381 2729 452 2785 ante
481 2746 582 2788 omnes
606 2728 790 2806 Bergkius
816 2730 837 2788 l.
865 2729 885 2788 l.
912 2748 941 2804 p.
972 2731 1034 2788 928
1060 2747 1120 2803 seq.
1145 2728 1312 2800 opitulatus

243 2816 299 2876 est.
356 2815 414 2886 Qui
436 2815 635 2893 antiquiorem
658 2819 824 2878 Hesiodum
845 2817 961 2876 faciunt
983 2814 1115 2876 Homero
1133 2833 1193 2873 non
1210 2815 1313 2890 inepte

245 2905 427 2964 concludunt
449 2924 485 2964 ex
506 2925 617 2984 magna
639 2910 726 2983 parte
746 2905 891 2981 Operum,
914 2921 1082 2979 quaesere
1104 2902 1243 2962 habenda
1266 2908 1313 2964 est

243 2994 275 3052 in
311 2993 529 3070 antiquissimis
568 2995 701 3056 Graecae
743 2994 844 3071 poesis
885 2991 1099 3066 monumentis,
1140 3009 1312 3068 quanquam

242 3085 353 3156 multa,
377 3101 453 3160 quae
476 3083 520 3142 ibi
543 3083 756 3156 accumulavit,
786 3101 821 3141 ex
847 3081 1013 3157 priscorum
1035 3083 1203 3158 temporum
1226 3082 1311 3157 poesi

244 3172 379 3234 hausisse
406 3173 529 3233 ridetur
556 3175 659 3249 poeta3
687 3171 739 3248 qui
766 3170 975 3244 recentiorem,
1003 3188 1039 3228 ox
1066 3170 1239 3247 Theogonis
1260 3190 1312 3246 po·

242 3262 393 3323 tissimum
417 3264 449 3322 et
470 3261 596 3338 reliquie
616 3260 747 3320 Hesiodo
771 3258 930 3335 adscriptis
949 3257 1129 3318 carminibus
1152 3278 1312 3336 argumen-

243 3354 360 3425 tantur,
385 3351 422 3410 de
450 3371 578 3427 quorum
601 3351 702 3408 aetate
723 3347 874 3408 lubrIcum
903 3348 1062 3408 admodum
1085 3352 1132 3408 est
1158 3347 1310 3422 iudicium,

242 3458 310 3500 oum
342 3439 474 3500 Hesiodo
504 3437 709 3498 adscriberent
740 3437 829 3496 multi
861 3457 896 3496 ea
928 3438 1072 3511 carmina,
1105 3455 1182 3513 quae
1213 3457 1310 3514 genus

159 3560 161 3564 ·
244 3529 343 3608 poesis
376 3528 415 3588 ad
442 3527 608 3587 Hesiodum
643 3525 835 3612 potissimum
871 3529 1023 3586 auctorem
1059 3527 1199 3586 relatum·
1226 3525 1312 3602 sequi

242 3618 433 3679 videbantur.
479 3615 557 3686 Quid
592 3614 719 3691 denique
752 3615 788 3674 de
816 3615 939 3676 Hesiodi
972 3618 1071 3674 aetate
1104 3614 1310 3675 Hecataeus

243 3704 423 3765 Abderita
438 3703 590 3777 statuerit,
614 3704 666 3779 qui
684 3705 860 3780 opusculum
873 3701 1008 3784 περὶτῆς
1025 3696 1311 3782 ποιήσεωςὉμήρου

241 3792 294 3856 καὶ
301 3787 446 3854 Ἡσιόδου
460 3792 587 3852 confecit
601 3784 697 3872 (Suid.
715 3811 738 3852 s.
752 3813 779 3854 v.
795 3796 826 3853 et
842 3794 954 3855 Eudoe.
963 3813 992 3868 p.
1010 3784 1088 3872 169)
1098 3811 1136 3852 ne
1150 3791 1312 3853 divinando

244 3883 364 3961 quidem
388 3881 510 3957 assequi
532 3881 618 3941 nobis
641 3881 752 3944 licebit.
797 3882 1045 3942 SubaotissImurn
1070 3881 1125 3942 hac
1149 3881 1186 3940 de
1208 3900 1242 3940 re
1265 3883 1313 3940 eet

246 3971 390 4032 iudicium
426 3969 552 4030 Wolfii
590 3970 731 4048 Prolegg.
763 3992 792 4048 p.
823 3971 923 4030 XLII:
967 3969 1173 4047 „Vocabulum
1204 3971 1312 4046 poetae

244 4060 395 4138 posteriue
409 4059 528 4121 videtur
544 4061 610 4136 ipso
624 4060 756 4120 Hesiodo
770 4079 825 4120 nec
838 4063 909 4119 ante
922 4062 1079 4134 receptum
1094 4078 1185 4135 quam
1198 4058 1314 4117 musioa

243 4151 283 4209 ab
307 4152 372 4209 arte
395 4142 545 4225 pangendi
567 4150 707 4210 carminis
729 4151 821 4226 vulgo
844 4149 949 4209 divelli
970 4148 1126 4224 coepisset.
1172 4145 1231 4206 Sed
1253 4146 1313 4204 He

245 4239 362 4298 siodum
394 4258 486 4316 quum
514 4240 591 4316 dico,
624 4257 713 4299 omne
740 4239 816 4298 illud
838 4241 957 4314 tempus
985 4237 1142 4312 intellego,
1173 4236 1205 4296 in
1232 4234 1314 4310 quod

245 4327 455 4390 Hesiodiorum
487 4349 564 4408 quae
596 4347 675 4388 nunc
705 4329 844 4388 feruntur
867 4345 992 4402 operum
1024 4325 1167 4385 confectio
1198 4323 1314 4386 incidit.
