2892 4902
217 327 269 376 XII

216 472 391 545 dixerimus,
422 490 490 531 ossa
520 473 626 546 poetae
654 469 693 528 ad
720 489 752 529 se
779 471 1013 541 transtulerunt,
1042 488 1077 528 ea
1100 469 1138 528 ad
1166 488 1197 528 se
1220 483 1287 544 per·

216 561 312 619 tinere
330 559 450 636 proprie
463 562 620 618 testantes.
650 557 738 617 Certe
752 558 953 618 Pausanias
968 558 993 634 I,
1009 559 1037 633 2,
1053 559 1071 616 3
1088 577 1146 633 quo
1160 557 1285 634 nitatur,

216 668 282 708 oum
318 649 530 724 migrationem
568 647 720 720 respuisse
752 646 917 706 Hesiodum
956 646 1001 704 ita
1033 646 1117 706 dicit:
1146 638 1285 719 Ἡσίοδος

216 733 249 796 δὲ
267 733 317 795 καὶ
326 730 457 815 Ὅμηρος
474 728 494 812 ἢ
514 730 709 814 συγγενέσθαι
726 735 896 812 βασιλεῦσιν
911 728 1060 812 ἠτύχησαν
1073 725 1092 811 ἢ
1106 731 1156 792 καὶ
1171 727 1286 808 ἑκόντες

216 818 424 905 ὠλιγώρησαν,
448 817 464 885 ὁ
488 819 542 901 μὲν
565 816 700 903 ἀγροικίᾳ
723 816 817 903 (quod
840 842 900 883 non
921 828 1003 883 recte
1026 823 1157 882 vertitur
1185 823 1285 899 „egri-

216 915 352 974 culturae
375 912 498 974 amore“
523 931 542 972 a
564 911 680 970 Rankio
704 913 740 970 de
764 911 886 972 Hesiod.
910 909 998 990 Oper.
1023 915 1054 972 et
1073 911 1155 972 Dieb.
1178 932 1206 987 p.
1226 904 1284 992 26)

86 993 89 998 ’
214 998 265 1060 καὶ
287 995 367 1084 ὄκνῳ
390 995 520 1078 πλάνης,
548 999 637 1075 plane
663 1001 776 1076 nescio,
803 1000 863 1060 nisi
890 1000 1023 1076 respexit
1046 999 1135 1076 Oper.
1158 1020 1185 1060 v.
1211 1002 1284 1076 630,

216 1090 267 1166 qui
290 1089 504 1166 migrationem
527 1091 628 1148 tamen
651 1109 704 1164 per
729 1087 886 1148 Graeciam
909 1107 969 1148 non
992 1089 1132 1148 excludit.

305 1177 388 1238 Haec
406 1181 488 1251 suut,
512 1196 588 1254 quae
607 1176 674 1252 quis
693 1177 730 1236 de
748 1176 873 1236 Hesiodi
895 1177 959 1238 vita
982 1197 1019 1236 ex
1040 1176 1078 1236 iis
1102 1176 1285 1240 carminibus

214 1266 325 1339 diseat,
358 1285 434 1342 quae
466 1267 535 1326 huic
567 1269 675 1341 poetae
707 1266 928 1325 adscribuntur.
973 1265 1029 1324 His
1061 1266 1182 1325 additae
1214 1271 1287 1326 sunt

214 1357 321 1430 postea
342 1354 530 1414 narrationes
554 1353 776 1415 commentitiae
799 1373 817 1412 a
839 1355 1034 1430 logographis
1053 1357 1084 1413 et
1102 1356 1140 1413 ab
1154 1355 1285 1432 Ephoro,

214 1447 245 1502 et
267 1443 390 1503 fabulae
414 1444 562 1520 quaedam
584 1443 616 1501 in
639 1441 804 1502 Hesiodum
828 1444 994 1502 translatae
1018 1445 1101 1516 sunt,
1125 1461 1202 1519 quae
1224 1462 1284 1504 non

214 1531 251 1590 de
282 1531 348 1606 ipso
378 1534 468 1608 poeta
495 1531 719 1608 intellegendae
747 1531 845 1605 erant,
874 1532 926 1590 sed
955 1531 992 1590 de
1021 1533 1101 1590 secta
1124 1531 1285 1610 epicorum,

215 1639 307 1695 quam
327 1623 358 1678 et
380 1621 444 1696 ipse
468 1620 651 1696 sequebatur
669 1622 702 1678 et
724 1638 800 1695 quae
820 1623 925 1694 postea
948 1620 986 1678 ab
1005 1638 1040 1678 eo
1058 1638 1167 1680 nomen
1190 1620 1284 1682 duxit.

214 1709 259 1769 Ac
291 1709 422 1784 primum
452 1709 571 1784 quidem
605 1727 621 1766 e
659 1707 853 1784 logographis
894 1707 1124 1781 Hellanicus,
1156 1709 1284 1768 Dama-

213 1799 299 1868 stes,
322 1796 551 1872 Pherecydes
575 1795 700 1855 Hesiodi
713 1801 836 1872 gentem
848 1796 999 1870 pertinere
1014 1798 1052 1855 ad
1067 1795 1219 1872 Orpheum
1241 1799 1284 1858 di-

215 1887 330 1944 xerant.
377 1883 426 1944 Sic
454 1884 533 1942 enim
555 1883 679 1942 Proclus
707 1885 738 1942 in
765 1885 999 1944 chrestomathia
1021 1887 1219 1961 grammatica
1242 1879 1284 1968 (v.

212 1973 374 2033 Bekkeri
397 1972 492 2048 praef.
515 1973 546 2030 in
570 1973 661 2031 schol.
684 1971 758 2031 Ven.
782 1993 810 2048 p.
833 1972 871 2047 I.,
900 1973 1088 2034 Thiersch.
1114 1973 1181 2034 Aet.
1206 1975 1283 2034 Phil.

212 2061 292 2122 Mon.
316 2062 354 2120 H.
378 2081 407 2136 p.
431 2063 511 2134 676,
535 2059 626 2120 Bibl.
649 2060 717 2119 Vet.
740 2060 800 2120 Lit.
824 2065 855 2120 et
872 2061 940 2122 Art.
963 2061 987 2121 I.
1011 2083 1039 2138 p.
1065 2065 1098 2139 8,
1121 2062 1284 2123 Wester-

212 2168 328 2224 mann,
352 2151 372 2208 l.
391 2150 411 2207 l.
430 2171 459 2225 p.
480 2151 534 2225 25,
557 2149 698 2208 Mttller.
735 2149 782 2208 Fr.
802 2150 873 2208 hist.
891 2151 915 2210 I.
938 2171 968 2226 p.
987 2153 1043 2225 46,
1068 2151 1106 2211 cf.
1127 2151 1283 2212 Lobeck.

212 2236 360 2313 Aglaoph.
384 2258 412 2313 p.
437 2230 530 2316 322):
550 2229 720 2310 Ἑλλάνικος
743 2233 775 2296 δὲ
793 2235 843 2298 καὶ
861 2234 1021 2317 Δαμάστης
1043 2237 1093 2300 καὶ
1113 2235 1283 2320 Φερεκύδης

212 2324 253 2396 εἰς
273 2319 381 2403 Ὀρφέα
409 2319 441 2385 τὸ
469 2322 554 2405 γένος
581 2319 746 2406 ἀνάγουσιν
774 2321 879 2387 αὐτοῦ·
903 2329 1030 2388 Μαίονα
1053 2323 1109 2408 γα’ρ
1132 2347 1207 2406 φασι
1229 2323 1282 2390 τὸν

208 2405 337 2490 Ὁμήρου
359 2410 469 2492 πατέρα
492 2410 541 2474 καὶ
559 2417 635 2476 Δῖον
657 2409 709 2476 τὸν
727 2407 871 2477 Ἡσιόδου
889 2415 1029 2497 γενέσθαι
1044 2411 1211 2490 Melitaeos
1229 2421 1281 2478 τοῦ

140 2495 142 2500 ’
212 2503 405 2562 Μελανωποῦ
427 2505 480 2562 τοῦ
500 2497 698 2582 Ἐπιφραδὲος
724 2507 777 2564 τοῦ
801 2501 985 2584 Χαριφημου
1012 2509 1064 2566 τοῦ
1089 2503 1282 2585 Φιλοτερττὲος

211 2592 264 2650 τοῦ
289 2583 440 2668 Ἰδμονίδα
466 2594 518 2652 τοῦ
547 2587 700 2663 Εὐκλέους
726 2595 778 2652 τοῦ
801 2593 963 2668 Δωρίωνος
989 2595 1041 2651 τοῦ
1060 2587 1200 2669 Ὀρφέως.
1246 2595 1281 2653 In

213 2697 271 2753 quo
299 2680 363 2739 loco
391 2679 521 2754 primum
549 2680 605 2738 hoo
627 2679 926 2737 animadvertendum
949 2681 1011 2748 est,
1038 2679 1133 2734 verba
1155 2678 1282 2738 Μαίονα

211 2760 268 2846 γάρ
290 2784 364 2844 φασι
382 2768 505 2828 nonita
527 2765 730 2842 intellegenda
748 2783 828 2836 esse,
852 2764 939 2838 quasi
956 2764 1056 2820 totum
1074 2763 1131 2820 hoc
1145 2765 1281 2837 stemma,

212 2855 292 2930 quod
315 2855 452 2932 sequitur
469 2854 593 2914 Homeri
617 2857 647 2912 et
670 2851 808 2924 Hesiodi,
833 2850 1025 2924 explanatum
1045 2868 1064 2908 a
1085 2850 1281 2928 logographis

130 2937 138 2946 ”
212 2943 390 3018 singillatim
413 2947 503 3002 esset.
535 2941 619 3008 Nam
637 2939 829 2999 Hellanicum
851 2937 928 2996 nihil
950 2937 1060 2998 dixisse
1083 2939 1167 2998 aliud
1190 2959 1280 3015 quam

210 3035 334 3107 gentem
366 3032 547 3090 Hesiodeam
579 3031 618 3088 ad
650 3026 803 3102 Orpheum
834 3026 986 3102 pertinere
1019 3046 1055 3086 ex
1087 3027 1146 3086 alio
1178 3029 1280 3089 Procli

210 3121 275 3180 loco
298 3123 436 3196 apparet,
462 3117 552 3178 schol.
576 3116 615 3174 ad
638 3115 726 3191 Oper.
750 3135 776 3175 v.
802 3117 879 3176 631:
903 3110 988 3176 τοῦτό
1007 3132 1081 3194 φησι
1104 3109 1153 3176 διὰ
1176 3111 1208 3177 τὸ
1233 3141 1279 3196 μι-

211 3212 332 3285 μεῖσθαι
362 3200 415 3266 τὸν
445 3201 565 3282 πατέρα.
610 3197 782 3276 Ἑλλάνικος
814 3201 846 3264 δὲ
880 3204 1031 3284 Φορωνίδι
1061 3197 1119 3264 det
1149 3199 1280 3284 Ὀρφέως

211 3291 304 3372 φησὶν
332 3287 408 3354 εἶναι
434 3285 487 3352 τὸν
509 3285 652 3352 Ἡσίοδον
678 3283 721 3372 (v.
751 3293 883 3352 Mtller
910 3295 929 3353 l.
958 3284 1003 3372 l).
1049 3293 1106 3354 Hic
1133 3295 1206 3370 quid
1239 3296 1280 3354 sit

210 3383 299 3456 illud,
328 3382 406 3457 quod
434 3382 471 3439 de
495 3379 614 3456 Orpheo
643 3397 678 3440 er
700 3379 855 3440 Hellanico
884 3383 1033 3441 adiectum
1061 3381 1207 3442 aProclo
1232 3388 1279 3444 est

212 3470 251 3528 ad
278 3471 390 3544 locum,
424 3487 481 3545 quo
510 3468 605 3544 patris
635 3471 681 3527 sui
709 3468 858 3529 Hesiodus
886 3469 1076 3544 meminerat,
1102 3471 1192 3546 plane
1218 3492 1279 3532 nou

211 3556 413 3633 perspexeris,
442 3557 468 3616 si
490 3556 669 3616 Hellanicus
691 3559 865 3635 progeniem
888 3558 1013 3618 Homeri
1035 3558 1216 3636 Hesiodique
1240 3562 1278 3620 ab

212 3665 267 3706 avo
282 3649 429 3720 atavoque
445 3663 539 3722 usque
552 3646 729 3720 protulerat.
760 3647 839 3706 Nam
852 3651 972 3726 patrem
986 3647 1109 3706 Homeri
1122 3649 1278 3709 Meconem

211 3736 315 3814 (quem
338 3733 412 3792 citat
439 3736 544 3792 auctor
571 3732 650 3793 Cart.
677 3755 706 3810 p.
735 3736 812 3812 358,
838 3729 886 3816 6),
915 3734 1014 3811 potuit
1038 3734 1157 3796 aliunde
1180 3756 1279 3800 nosse.

211 3821 348 3896 Accedit,
378 3818 457 3898 quod
486 3819 523 3880 de
549 3819 707 3898 Damaste,
741 3823 766 3882 si
799 3823 889 3886 etiam
918 3824 956 3882 ad
986 3825 1065 3882 hunc
1096 3824 1278 3900 pertinuisse

211 3911 379 3988 putandum
399 3913 446 3969 est
468 3909 545 3969 illud
564 3911 650 3988 φασί,
674 3931 797 3988 prorsus
821 3913 962 3972 dissentit
983 3913 1088 3972 auctor
1110 3932 1277 3992 anonymus

211 3999 333 4068 Iriart.
362 3999 441 4059 Bibl.
469 3997 559 4060 Matr.
586 4020 615 4075 p.
644 4003 721 4061 233:
750 3993 941 4078 Ἀναξιμένης
967 3997 1018 4059 καὶ
1043 3995 1201 4081 Δαμάστης
1227 4000 1278 4062 καὶ

211 4085 365 4164 Πίνδαρος
389 4090 468 4148 Χῖον
489 4081 543 4148 τὸν
555 4081 688 4168 Ὅμηρον
711 4082 931 4165 ἀποφαίνονται
949 4086 999 4148 καὶ
1020 4084 1186 4169 Θεόκριτος,
1210 4084 1225 4151 ὁ
1245 4088 1278 4151 δὲ

211 4169 371 4253 Δαμάστης
398 4173 520 4236 δέκατον
548 4170 639 4237 αὐτὸν
666 4170 725 4237 ἀπὸ
753 4181 806 4238 τοῦ
835 4177 998 4246 Μουσαίου
1021 4176 1095 4256 φησὶ
1117 4177 1277 4259 γεγονέναι.

211 4263 353 4324 Musaeus
376 4264 455 4324 enim
476 4284 514 4324 ne
538 4270 787 4326 commemoratur
806 4267 926 4342 quidem
943 4268 974 4326 in
994 4270 1151 4328 stemmate
1170 4268 1277 4344 Procli,
