2904 4900
550 291 826 348 FRAGMENTA.

552 523 712 590 cxxxv.
741 523 825 612 (54.)

227 644 407 714 Appollod.
426 645 461 712 11,
481 651 509 700 1:
525 639 653 708 Ἡσίοδος
671 644 703 701 δὲ
722 642 773 700 τὸν
787 642 936 715 Πελασγὸν
955 640 1122 717 αὐτόχθονά
1141 666 1223 716 φησι.

155 732 298 786 Servius
316 732 400 803 Verg.
416 731 463 788 Ge.
483 733 518 804 11,
537 740 583 789 83:
602 734 715 804 Pelasgi
734 752 751 789 a
769 735 897 805 Pelasgo,
916 735 1019 790 Terrae
1037 735 1104 805 filio,
1124 735 1173 805 qui
1192 735 1221 788 in

153 819 277 875 Arcadia
295 821 406 890 genitus
425 837 485 876 esse
504 821 614 892 dicitur,
633 824 665 877 ut
682 823 821 878 Hesiodus
839 823 965 878 tradidit.

548 1017 723 1085 cxxxu.
751 1017 832 1106 (55.)

228 1140 352 1196 Strabo
371 1140 404 1195 V.
427 1159 455 1210 p.
480 1145 544 1196 221:
568 1141 606 1213 τῷ
631 1135 656 1194 δ
674 1136 786 1214 Ἐφόρῳ
809 1142 859 1196 τοῦ
886 1137 915 1207 ἐξ
933 1137 1077 1210 Ἀρκαδίας
1096 1138 1170 1195 εἶναι
1189 1138 1221 1196 τὸ

154 1229 248 1298 φῦλον
266 1230 349 1284 τοῦτο
368 1225 445 1299 (τοὺς
463 1225 638 1299 Πελασγοὺς)
657 1220 742 1300 ἦρξεν
757 1226 893 1293 Ἡσίοδος.
931 1229 1000 1298 φησί
1019 1227 1083 1298 γάρ·

223 1357 307 1432 υίεῖς
330 1354 520 1440 ἐξεγένοντο
545 1353 721 1434 Λυκάονος
744 1352 929 1440 ἀντιθέοιο,
1002 1333 1008 1364 ⁸

224 1457 265 1527 ὅν
288 1483 367 1527 ποτε
390 1465 478 1528 τίκτε
500 1458 684 1546 Πελασγός.

154 1601 340 1657 Strabonis
367 1603 460 1657 textus
490 1601 551 1657 Cas.
580 1603 609 1657 et
633 1603 799 1658 Taschuckii
817 1604 904 1658 habet
923 1599 953 1669 ἐξ
979 1600 1125 1672 ἐγένοντο,
1148 1605 1225 1659 uude

157 1691 283 1746 effictum
303 1693 346 1746 est
366 1688 399 1756 ἓξ
420 1687 473 1760 ἐμ,
497 1691 572 1761 quod
589 1694 665 1746 recte
684 1693 824 1746 mutatum
843 1707 903 1746 esse
921 1691 1033 1748 videtur
1051 1708 1069 1746 a
1088 1691 1175 1747 Corae
1195 1693 1225 1746 iu

158 1775 331 1849 ἐξεγένοντο.
370 1779 424 1834 Sed
442 1797 533 1848 neque
553 1777 583 1846 έξ
601 1781 675 1836 male
694 1781 793 1850 habet,
817 1796 881 1834 cum
899 1781 1038 1836 Hesiodus
1062 1781 1097 1834 de
1116 1797 1163 1835 sex
1183 1780 1225 1836 lo—

154 1869 206 1937 qui
224 1867 358 1938 potuerit,
378 1883 448 1936 quas
467 1884 501 1922 ex
515 1886 571 1923 uua
589 1885 703 1924 suarum
716 1884 834 1924 uxorum
853 1868 998 1924 sustulerit
1015 1869 1119 1938 Lycao.
1157 1869 1226 1939 [Ly-

152 1972 246 2010 caona
267 1957 405 2010 memorat
427 1955 607 2009 Herodian.
632 1957 653 2011 I.
677 1972 704 2024 p.
729 1962 781 2010 368
806 1956 904 2011 Lenta:
937 1952 1116 2010 Παλλάντιον
1142 1950 1226 2018 πόλις

150 2039 298 2113 Ἀρκαδίας
315 2064 341 2098 κ.
356 2063 378 2096 τ.
394 2047 416 2099 λ.
437 2061 462 2097 ν.
482 2043 583 2114 fragm.
604 2044 709 2114 exal]

526 2239 720 2307 cxxxvu.
749 2239 853 2327 (182.)
981 2306 986 2316 ,

227 2361 350 2432 Hygin.
369 2363 480 2418 Astron.
499 2362 539 2432 ΙΙ,
560 2369 588 2417 1:
611 2364 716 2417 Arcton
733 2362 870 2418 Hesiodus
894 2363 935 2417 ait
958 2378 1018 2417 esse
1038 2360 1157 2416 Callisto
1176 2378 1224 2415 no-

157 2448 235 2502 mine
253 2448 390 2518 Lycaonis
408 2449 505 2519 filiam,
524 2451 593 2519 eius,
612 2450 707 2520 quiin
724 2449 846 2518 Arcadia
856 2449 1008 2528 regnavit:
1028 2465 1147 2518 eamque
1166 2451 1224 2504 stu-

156 2534 206 2591 dio
233 2537 390 2593 venationis
416 2539 561 2594 inductam
589 2539 625 2594 ad
647 2539 767 2594 Dianam
790 2555 820 2593 ss
845 2537 1030 2608 applicuisse,
1054 2554 1071 2591 a
1095 2553 1151 2607 qua
1169 2555 1226 2594 non

155 2624 336 2680 mediocriter
354 2643 414 2682 esse
434 2626 569 2684 dilectam
587 2630 702 2698 propter
726 2627 872 2696 utriusque
891 2624 1067 2680 consimilem
1085 2628 1225 2682 naturam.

159 2713 264 2768 Postea
286 2716 381 2769 autern
404 2715 442 2768 ab
459 2715 526 2769 Iove
552 2730 740 2784 compressam
764 2714 883 2769 veritam
902 2712 1009 2768 Dianae
1034 2730 1114 2767 suum
1132 2713 1225 2768 dicere

157 2801 302 2870 eventum,
326 2800 402 2870 quod
420 2800 527 2856 diutius
551 2801 642 2856 celare
665 2817 722 2855 non
739 2799 847 2870 potuit;
875 2816 942 2854 nam
959 2798 1018 2853 iam
1035 2803 1115 2857 utero
1133 2801 1226 2872 ingra-

155 2891 288 2944 vescente
306 2905 393 2960 prope
412 2890 487 2946 diem
505 2891 606 2960 partus
619 2889 649 2944 iu
663 2889 777 2944 flumine
796 2905 897 2958 eorpus
918 2888 1116 2946 exercitatione
1135 2891 1226 2946 defss-

156 2995 219 3032 sum
238 2994 301 3032 cum
319 2981 470 3048 recrearet,
497 2995 514 3032 a
532 2978 624 3033 Diana
642 2978 757 3049 cognita
775 2980 893 3034 estnon
912 2995 1091 3034 conservasse
1110 2979 1226 3050 virgini·

155 3067 258 3120 tatem:
278 3065 323 3120 oui
342 3066 395 3121 dea
408 3084 459 3137 pro
473 3066 667 3137 magnitudine
682 3067 846 3137 suspicionis
864 3084 921 3123 non
939 3069 1076 3124 minorem
1095 3068 1226 3124 retribuit

155 3169 289 3224 poenam:
309 3157 405 3224 erepta
424 3155 499 3210 enim
518 3151 741 3226 facie'virginali
759 3156 789 3211 in
807 3173 888 3212 ursae
908 3158 1031 3228 speciem
1050 3159 1094 3212 est
1111 3173 1225 3213 conver·

156 3258 201 3311 sa,
233 3259 305 3310 quae
334 3243 439 3298 Graece
467 3239 569 3311 ἄρκτος
594 3245 762 3314 appellatur.
804 3244 843 3300 cf.
873 3245 1046 3300 Eratosth.
1074 3244 1177 3300 Catast.
1203 3251 1226 3301 1.

158 3330 268 3386 Schol.
287 3331 391 3387 Phaeu.
411 3338 453 3388 27.
492 3331 546 3403 [Cf.
565 3332 637 3386 Val.
656 3332 753 3387 Proh.
773 3333 810 3387 ad
828 3333 911 3403 Verg.
933 3331 981 3387 Ge.
1002 3335 1023 3400 Ι,
1045 3333 1117 3402 138]

532 3526 740 3594 cxxxvm.
771 3527 851 3614 (ιο.)

151 3669 156 3680 ·
228 3649 384 3705 Eustath.
412 3650 449 3704 ad
474 3649 574 3719 Odyss.
599 3669 626 3720 p.
648 3656 730 3719 1796,
749 3656 796 3704 39:
828 3644 993 3720 Τηλεμάχου
1013 3645 1045 3702 δέ
1064 3646 1113 3702 καὶ
1133 3651 1225 3703 Πολυ-

156 3733 262 3806 κάστης
280 3737 471 3808 Περσέτιτολιν
490 3731 738 3808 (γενεαλογοῦσιν),
758 3733 796 3800 ὡς
810 3732 952 3800 Ἡσίοδος·

230 3842 407 3935 Τηλεμάχῳ
432 3842 463 3910 δ’
489 3842 540 3932 ἄρ’
567 3849 691 3912 ἔτικτεν
715 3843 858 3925 ἐΰζωνος
881 3841 1097 3929 Πολυκάστη,

225 3953 398 4038 Νέστορος
421 3947 587 4037 ὁπλοτάτη
610 3949 716 4038 κούρη
741 3948 951 4038 Νηληϊάδαο,

226 4058 448 4145 Περσέπολιν,
471 4066 630 4144 μιχθεῖσα
655 4054 710 4122 διὰ
733 4057 881 4144 χρυσέην
902 4054 1116 4144 Ἀφροδίτην.

159 4181 204 4250 [V.
223 4181 346 4235 audeo.
366 4198 393 4250 p.
409 4187 456 4235 ⁷7:
477 4176 546 4242 Διὸς
560 4180 609 4234 καί
623 4174 788 4250 Εάρνοδίας
803 4178 1021 4250 γενεαλογοῦσιν
1040 4174 1226 4250 Ἀρκεσίλαον·

159 4263 249 4323 odacri
279 4265 311 4322 δὲ
337 4269 386 4322 καί
411 4265 649 4338 Χαλκομεδοάσης
676 4268 818 4340 Λαέρτην·
847 4268 897 4323 τοῦ
927 4265 959 4322 δὲ
988 4267 1037 4322 καί
1063 4262 1227 4328 Ἀντικλείας

213 4367 315 4407 Hss1on.
330 4367 364 4406 sd.
379 4365 492 4417 eettung.
979 4361 1012 4408 21
