2958 4896
222 272 286 338 136
670 271 840 324 nnioson

227 429 264 495 ἐν
290 425 321 495 δ’
343 425 448 516 Ἔρις,
471 429 509 495 ἐν
534 424 571 493 δὲ
594 422 768 512 Κυδοιμὸς
792 425 947 512 ἐθύνεον,
972 429 1008 496 ε’ν
1034 424 1065 492 δ’
1092 423 1174 513 dios}
1198 427 1284 515 Κῆφ

226 532 332 602 ἄλλον
356 532 441 616 ζωὸν
466 539 588 620 ἔχοντα
610 531 808 618 νεούτατον,
831 531 935 601 ἄλλον
959 531 1099 619 ἄουτον,

224 637 330 707 ἄλλον
353 643 528 725 τεθνηῶτα
551 636 633 706 κατὰ
656 637 769 726 μόθον
794 639 865 706 ἕλκε
888 643 1034 708 ποδοῖιν.

226 740 303 833 εἷμα
328 743 359 811 δ’
386 743 432 832 ἔχ’
458 743 541 832 ἄμφ’
569 743 689 831 ὤμοισι
713 743 898 832 δαφοινεὸν
922 749 1035 833 αἵματι
1058 751 1194 832 φωτῶν,

229 849 347 921 δεινὸν
371 851 556 940 δερκομένη
579 855 746 941 καναχῇσί
766 879 801 920 τε
823 857 1018 940 βεβρυχυῖα.
1242 873 1304 922 16⁰·

317 960 354 1027 ἐν
378 957 410 1025 δ’
437 956 547 1046 ὀφίων
569 960 712 1045 κεφαλαὶ
736 962 860 1027 δεινῶν
884 964 980 1045 ἔσαν,
1005 958 1077 1028 ούτι
1101 963 1273 1046 φατειῶν,

227 1065 375 1151 δοίδεκα,
398 1065 452 1132 ταὶ
475 1063 663 1151 φοβέεσκον
687 1067 740 1133 ἐπὶ
762 1067 865 1153 χθονὶ
888 1063 968 1152 φῦλ’
995 1063 1206 1154 ἀνθρώπων,

231 1176 354 1252 οἵτινες
376 1170 533 1258 ἀντιβίην
555 1170 703 1259 πόλεμον
728 1171 813 1251 Διὸς
835 1167 885 1240 νῖι
909 1171 1060 1260 φέροιεν·

299 1387 333 1440 V.
354 1390 494 1440 rus-159
513 1384 655 1439 eiecerunt
672 1383 740 1438 Pal.
759 1385 800 1438 ΡΙ.

299 1459 333 1512 V.
355 1463 414 1512 157.
453 1450 594 1510 ἆούτατον
613 1456 671 1512 Vl.

299 1528 333 1584 V.
350 1534 409 1584 159.
442 1526 535 1596 Vulgo
551 1528 714 1595 δαφοίνεον.
749 1526 803 1581 Sed
816 1528 892 1582 recte
906 1526 1037 1583 M2.V1.
1069 1527 1306 1598 V.Aii'g.Eelire·

227 1617 294 1657 vom
311 1599 427 1654 Accent.
444 1615 472 1667 p.
492 1603 552 1651 294.

301 1671 334 1724 V.
355 1675 414 1724 160.
452 1669 593 1737 καναχῇσί
608 1687 637 1724 τε
657 1669 812 1794 βεβμιθνῖα
830 1667 905 1736 Μ3.,
925 1670 1090 1741 βεβρυχυῖαι
1110 1670 1166 1726 Vi.
1204 1671 1306 1741 Vulgo

231 1744 393 1815 βεβριθυῖα.
421 1739 527 1807 Recepi
540 1723 605 1794 ieci.
620 1739 680 1792 Ma.
728 1748 761 1806 1.,
775 1738 877 1794 utiam
893 1740 1050 1795 coniecerat
1063 1741 1302 1798 Ruhnkenius.

301 1812 334 1866 V.
357 1817 415 1866 162.
453 1809 496 1863 τοὶ
524 1805 689 1879 βόσκονται,
720 1809 751 1863 in
778 1826 868 1879 marg.
900 1830 942 1879 ηρ.
970 1811 1018 1866 ταί
1051 1813 1210 1882 φοβέεσκον
1238 1812 1303 1867 M&

229 1881 415 2008 Schegerpigb·
452 1951 535 2006 Hunc
554 1967 664 2005 versum
683 1950 825 2007 eiecerunt
843 1950 912 2006 Pal.
930 1951 976 2008 Fl.

232 2148 362 2220 praedita
376 2145 575 2218 significentur,
595 2146 643 2200 sed
657 2161 739 2200 verae
794 2147 852 2211 set;
885 2162 954 2215 quos
982 2163 1031 2201 cur
1058 2148 1094 2202 ab
1121 2148 1178 2204 alio
1206 2151 1306 2220 poeta,

233 2235 345 2291 pugnae
354 2219 458 2288 imago,
470 2216 738 2273 monuitDeiters.
794 2233 879 2285 quam
903 2217 952 2285 qui
975 2223 1124 2274 154—155
1148 2219 1327 2290 scripserit„

232 2309 260 2361 p.
280 2297 323 2345 43.
793 2288 934 2357 profectos
952 2305 1013 2342 esse
1028 2289 1181 2358 credamus,
1197 2292 1304 2346 iustam·

266 2361 299 2416 V.
326 2366 483 2416 lod-159.
532 2359 570 2412 Hi
601 2376 696 2414 versus
723 2377 741 2414 a
794 2375 908 2413 causam
927 2358 1081 2414 desidero.“

230 2430 739 2502 rhapsodosublectiHomeroIliad.
830 2429 863 2485 V.
884 2436 934 2484 157
950 2447 1007 2498 seq.
1044 2430 1096 2485 His
1114 2433 1239 2501 personis
1258 2452 1304 2487 rs·

237 2503 343 2573 XVIII,
367 2509 516 2558 sss-538.
555 2500 609 2555 Sed
627 2503 739 2571 propte·
793 2496 948 2569 θνηκὸτος,
972 2497 1127 2557 νεουτάτου
1147 2505 1176 2557 et
1193 2497 1304 2558 οἷούτον

231 2592 281 2630 rea
308 2592 364 2629 non
396 2576 461 2628 sunt
494 2571 647 2642 relegandi.
698 2571 740 2628 cf.
794 2573 851 2626 tres
870 2589 982 2642 pugnae
1001 2574 1103 2627 sortes:
1122 2574 1218 2640 letum,
1240 2575 1304 2629 vul-

233 2647 344 2701 Herm.
372 2645 391 2700 1.
419 2645 439 2698 1.
464 2662 491 2714 p.
520 2650 563 2698 93.
604 2643 678 2696 Nam
706 2643 741 2697 δε
794 2660 847 2696 nus
866 2645 895 2696 et
913 2643 1079 2712 eaptivitas,
1098 2644 1308 2715 significantur*

233 2718 317 2772 Eride
336 2715 379 2771 bis
399 2716 555 2770 memorata
573 2713 679 2767 dictum
698 2715 742 2768 est
794 2713 917 2767 Maxime
931 2715 1122 2769 memorabilis
1138 2718 1181 2771 est
1199 2712 1307 2778 ἄτοκος

234 2789 271 2842 ad
293 2807 320 2843 v.
353 2793 423 2853 148,
457 2788 486 2839 et
517 2801 566 2839 cur
592 2783 640 2838 hio
670 2781 741 2852 Κήρ,
794 2783 893 2852 forma,
913 2784 1000 2838 etiam
1013 2785 1135 2841 Homero
1151 2786 1170 2840 l.
1185 2787 1204 2840 l.
1223 2805 1303 2841 usur-

233 2859 360 2914 omnium
401 2872 584 2926 personarum
619 2855 740 2928 maxime
794 2857 869 2924 pata.
894 2855 968 2910 Nam
977 2857 1130 2926 analogum
1140 2861 1202 2912 erat
1216 2853 1306 2912 ἆνού·

232 2929 381 2995 terribilis,
399 2927 467 2981 ferri
490 2943 546 2981 non
563 2926 666 2994 possit,
684 2943 741 2980 non
794 2945 878 2988 τατος
896 2926 928 2980 Il.
942 2926 990 2995 IV,
1006 2933 1057 2981 540
1076 2929 1123 2982 vel
1137 2923 1308 2996 ύνούτητος,

234 2998 666 3137 {triduotridiuo
676 3013 742 3122 iii
795 2997 880 3122 inii
901 2992 1215 3124 {cedidisti}
1234 3005 1303 3124 iii

235 3142 317 3210 quasi
335 3140 468 3210 epithetis
492 3137 611 3193 describi
629 3110 743 3192 ho’rren-
797 3138 838 3193 ef.
857 3139 971 3193 Flach.
992 3140 1141 3208 Digamma
1158 3159 1185 3210 p.
1206 3147 1230 3196 9.

236 3215 303 3267 dam
339 3209 427 3265 medii
460 3209 546 3279 clipei
580 3209 742 3279 imaginem,
832 3209 866 3264 V.
882 3215 942 3264 160.
972 3210 1012 3265 of.
1028 3211 1165 3266 Deiters
1180 3211 1229 3268 1.1.
1244 3213 1303 3266 not

236 3299 309 3352 quae
323 3280 485 3335 Muelleri
499 3282 529 3334 et
541 3280 668 3334 Rankii
683 3297 743 3335 sen·
799 3287 862 3336 102:
901 3281 1042 3349 „Versum
1067 3289 1118 3337 160
1141 3285 1303 3352 suspectum

235 3353 327 3408 tentia
350 3355 405 3420 est,
434 3367 467 3406 eo
491 3350 620 3406 concludi
641 3353 744 3420 potest,
797 3352 897 3418 habeo,
912 3353 961 3420 qui
976 3352 1097 3420 primum
1109 3353 1139 3406 in
1154 3353 1307 3408 Homerico

236 3423 310 3493 quod
340 3440 437 3478 versus
466 3428 530 3490 160,
557 3421 611 3476 nisi
642 3423 744 3477 faciem
797 3421 853 3478 isto
871 3423 934 3478 loco
957 3423 1032 3476 hand
1055 3423 1173 3493 legitur,
1192 3426 1305 3495 praete·

235 3511 372 3565 personae
383 3493 499 3575 cogites,
513 3494 608 3562 inepte
619 3492 744 3549 adiectus
798 3510 847 3548 rea
857 3495 886 3548 et
898 3494 1058 3562 argumenti
1071 3495 1185 3564 ineptiis
1196 3497 1224 3550 et
1238 3495 1310 3549 scri-

235 3569 315 3621 esset.
352 3564 485 3636 Inprimis
504 3565 600 3619 autem
619 3559 744 3619 ἐθύνεον
798 3564 883 3619 bendi
900 3564 1011 3634 generis
1030 3566 1160 3621 molestia
1179 3583 1196 3620 a
1212 3569 1308 3621 caete·

234 3656 262 3692 v.
279 3641 339 3704 156,
359 3653 410 3724 pro
430 3652 486 3705 quo
502 3635 576 3704 apud
591 3635 744 3690 Homerum
797 3635 836 3688 ris
856 3635 997 3692 abhorret.
1033 3636 1128 3705 Ipsum
1151 3638 1222 3692 adeo
1241 3652 1307 3692 ver-

235 3707 341 3778 legitur
360 3708 487 3776 ομίλεον,
506 3708 673 3776 argumento
692 3707 743 3774 est,
798 3724 859 3760 sum
887 3705 922 3759 ab
950 3721 1007 3760 una
1032 3724 1118 3762 manu
1143 3708 1221 3762 hand
1244 3723 1306 3762 esse

236 3780 307 3833 haec
325 3779 361 3832 de
378 3777 518 3832 industria
536 3777 635 3832 addita
649 3793 708 3832 esso
727 3793 744 3831 a
798 3775 957 3830 coniectum
966 3777 1141 3847 crediderim,
1151 3779 1201 3833 sed
1210 3778 1309 3833 verbis

236 3851 323 3919 poeta
335 3852 441 3903 nostro.
473 3849 547 3904 Nam
562 3843 687 3903 idcircor
702 3850 744 3902 est
798 3841 896 3900 δεινὸν
924 3848 1080 3917 δερκομένη
1108 3849 1202 3904 nescio
1230 3848 1308 3904 unde

236 3920 404 3976 vocabulum
419 3919 594 3975 Hesiodeum.
617 3920 650 3974 V.
666 3918 744 3972 Cra·
797 3917 946 3986 adscriptis
970 3920 1063 3974 cetera
1085 3922 1185 3988 postea
1207 3919 1309 3974 addita

236 4007 314 4044 mer.
342 3990 446 4045 Anecd.
476 3991 562 4046 Oxon.
591 3990 612 4044 I.
644 4007 671 4058 p.
701 3993 743 4042 55.
797 3991 830 4042 ut
848 4004 944 4044 versus
964 3988 1148 4044 efficeretur.“

239 4060 376 4116 Similiter
392 4061 536 4118 Deiters.
552 4062 570 4115 l.
586 4061 618 4114 l.:
644 4059 744 4126 „Deni-
833 4058 866 4113 V.
885 4065 1033 4115 161-167,
1056 4061 1306 4126 ELehrsiisen·

239 4149 293 4201 que
309 4149 404 4188 versus
415 4138 556 4188 iso—159
571 4146 684 4200 prorsus
697 4129 744 4184 hic
797 4130 888 4185 tentia
897 4149 924 4200 p.
932 4137 983 4186 249
990 4134 1065 4201 (440)
1075 4133 1186 4202 prolata
1195 4131 1309 4200 prim-a

237 4221 349 4260 sensum
366 4220 423 4258 non
441 4203 590 4267 haberent,
613 4199 668 4254 nisi
693 4219 743 4268 pu·
796 4201 891 4272 imago
906 4200 1054 4257 duodecim
1068 4205 1237 4274 serpentum,
1257 4202 1309 4271 qni

236 4291 310 4344 gnae
330 4272 558 4331 commemoratio
577 4271 744 4340 praecessis-
798 4288 849 4342 per
863 4275 955 4329 totum
966 4273 1087 4343 clipeum
1102 4273 1223 4344 dispersi
1237 4269 1314 4328 κνάι
