2904 4900
669 267 776 319 ΑΓΩΝ.

657 427 683 474 Μ
691 425 717 474 Η
724 425 744 473 Ρ
752 423 775 474 0
783 425 814 479 Σ.

236 519 459 590 ποντοπορεῖν
479 424 841 594 ήμελλονοὲὕσσέλμων
861 510 914 576 ἐπὶ
933 514 1036 596 νηῶν.

625 634 827 688 ΗΣῙΟΔΟΣ.

129 740 187 788 319
235 727 344 781 τοῖσιν
369 713 400 780 δ’
424 713 591 802 Ἀτρείδής
614 714 725 803 μεγάλ’
751 713 865 803 εόχετο
888 722 991 787 πᾶσιν
1015 718 1156 788 ὀλέσθαι

237 819 394 906 μηδέποτ’
421 823 458 889 ἐν
481 820 606 913 πόντςο,
628 823 684 889 καλ
708 825 868 909 φωνήσας
887 829 964 904 ἔπος
986 823 1088 911 ηόδα·

237 925 376 1013 eostre,
400 919 427 994 ὦ
451 929 566 1014 ξεῖνοι,
588 929 645 995 καὶ
667 934 789 1013 πίνετε,
813 932 900 1017 μήδε’
919 957 970 1010 τις
991 928 1105 1017 ὑμέων

148 1051 167 1099 5
236 1037 350 1101 οίκαδε
373 1034 546 1121 νοστήσειε
570 1041 674 1122 φίλην
698 1039 731 1115 ἐς
753 1039 899 1125 πατρίδα
920 1051 1020 1123 γαῖαν

632 1163 817 1213 ΟΜΗΡΟΣ,

236 1249 441 1330 πημανθείς,
465 1243 534 1311 ἀλλ’
560 1235 654 1324 αὖτις
677 1243 846 1331 άπήμονες
869 1242 978 1312 οἴκαδ’
1006 1248 1147 1314 ἵκοισθε.

188 1347 274 1436 πρὸς
301 1348 409 1428 πάντα
434 1350 471 1417 δὲ
498 1355 560 1419 τοῦ
577 1348 725 1439 Ὁμήρου
742 1355 851 1430 καλῶς
869 1349 1132 1438 ἀπαντήσαντος,
1157 1350 1258 1421 πάλιν

189 1457 296 1542 φησὶν
321 1454 338 1523 ὁ
360 1453 529 1535 Ἡσίοδος·

235 1561 335 1630 τοῦτό
358 1590 389 1631 τι
414 1562 458 1649 δή
482 1588 539 1649 μοι
563 1567 693 1649 μοῦνον
717 1563 896 1653 ἐειρομένῳ
921 1563 1114 1650 κατάλεξον,

128 1690 168 1737 10
234 1668 357 1737 πόσσοι
380 1666 437 1756 ἅμ’
461 1664 668 1757 Ἀτρείδήσιν
693 1671 726 1748 ἐς
739 1667 848 1737 Ἴλιον
871 1662 981 1755 ἦλθον
1002 1667 1142 1756 Ἀχαιοί;

188 1772 207 1843 ὁ
235 1773 272 1842 δὲ
295 1773 352 1842 διὰ
374 1780 566 1861 λογιστικοῦ
590 1774 823 1864 προβλήματος
846 1775 1060 1864 ἀποκρίνεται
1085 1775 1205 1857 οὕτως·
1277 1800 1311 1848 39

235 1880 432 1967 πεντήκοντ’
459 1874 546 1968 ἦσαν
569 1880 676 1969 πυρὸς
699 1883 849 1969 ἐσχάραι·
874 1884 910 1950 ἐν
935 1881 972 1949 δὲ
996 1881 1115 1971 ἑκάστῃ

236 1984 433 2074 πεντήκοντ’
459 1985 583 2074 ὀβελοί,
606 1988 682 2074 περὶ
706 1987 744 2056 δὲ
763 1987 844 2075 κρέα
866 1987 1087 2076 πεντήκοντα·

236 2094 309 2181 τρὶς
333 2092 370 2161 δὲ
392 2092 578 2181 τριηκόσιοι
602 2094 677 2181 περὶ
701 2097 738 2161 ἓν
761 2096 859 2181 κρέας
881 2087 969 2181 ἦσαν
990 2093 1123 2181 Ἀχαιοί.

127 2221 168 2269 15
280 2203 381 2268 τοῦτο
401 2198 439 2266 δὲ
465 2197 651 2286 εὑρίσκεται
669 2204 801 2285 πλῆθος
819 2198 974 2268 άπιστον·
992 2205 1062 2268 τῶν
1080 2200 1143 2289 γάρ
1165 2205 1259 2290 ἐσχα-
1308 2239 1312 2246 ’

188 2310 263 2394 ρῶν
287 2303 401 2373 οὐσῶν
424 2305 646 2392 πεντήκοντα,
678 2303 845 2390 ὀβελίσκοι
869 2311 1023 2390 γίνονται
1046 2306 1260 2376 πεντακόσιοι

187 2413 244 2481 καὶ
274 2410 422 2498 χιλιάδες
448 2408 491 2497 β’,
521 2414 630 2498 κρεῶν
654 2410 692 2478 δὲ
715 2411 860 2478 δεκαδύο
884 2411 1045 2499 μνριάδες
1077 2417 1259 2497 [πεντακις-

188 2524 292 2607 χίλιοι
327 2515 534 2645 τετρακόσιοι
571 2518 627 2584 καλ
669 2517 902 2605 πεντήκοντα]
952 2516 1035 2584 κατά
1071 2518 1179 2587 πάντα
1217 2519 1259 2607 δή

188 2628 253 2693 τοῦ
273 2620 461 2711 ομήρου’
443 2628 719 2745 νπερτεροῦντος,Ι
743 2621 925 2711 φθονῶνὸ
943 2621 1146 2704 Ἡσίοδος”
1124 2652 1259 2712 αρχεται

125 2754 169 2802 20
189 2729 309 2799 πάλιν·

125 2859 187 2910 320
234 2837 290 2906 νίὲ
304 2838 468 2922 Μέλητος
486 2834 618 2922 “ομήρ’,
643 2845 734 2923 είπερ
757 2840 882 2922 τιμῶσί
901 2857 938 2905 σε
962 2841 1110 2926 Μοῦσαι,

235 2941 281 3024 ὡς
303 2943 414 3029 λόγος,
436 2940 593 3023 διγίστοιο
618 2941 702 3022 Διὸς
725 2940 882 3029 μεγάλοιο
904 2942 1082 3031 θύγατρες,

261 3159 295 3212 V.
319 3163 398 3211 2—5
434 3155 558 3210 Hesiodo
584 3154 686 3209 tribuit
708 3154 830 3224 Nietz.,
852 3172 964 3210 versum
988 3121 1109 3212 alterum
1136 3157 1259 3213 Homero

191 3227 341 3354 Gothlss.
379 3289 530 3383 αντις]Ι*’
555 3287 651 3357 αὖθις.
680 3312 749 3350 corr
769 3297 832 3350 edd.

263 3370 297 3425 V.
318 3375 341 3425 7.
379 3387 593 3438 προςποιντα
612 3365 661 3437 δε]
681 3367 765 3423 srcF
791 3369 885 3421 Βοεο.
901 3366 1070 3424 etGoettl.
1085 3364 1259 3439 πρδςταῦτα

191 3440 225 3496 δὲ
244 3459 350 3566 πῧπῇ
370 3505 467 3580 posti
489 3507 521 3584 δε
541 3507 668 3563 Goettl
689 3507 883 3563 econiecturu
895 3503 1016 3579 ’Όμηρος
1035 3509 1155 3579 scripsit.

264 3599 298 3654 V.
316 3605 356 3653 16.
389 3593 620 3667 πεντήκοντα]
639 3596 727 3651 sioF.
758 3596 785 3652 S.
800 3597 926 3652 NGoct
931 3599 967 3653 71,
982 3592 1016 3650 ν’.
1037 3596 1147 3653 Codicis
1161 3597 1259 3653 lectio

189 3687 256 3726 nem
275 3669 403 3737 restituit
417 3668 524 3723 Nictz

263 3741 297 3796 V.
313 3746 346 3794 17
366 3744 430 3810 post
448 3735 583 3807 μυριάδες
602 3739 694 3792 exstat
711 3737 776 3791 inV
796 3740 858 3793 εὕν.
887 3737 927 3792 Cf.
943 3740 1037 3795 adnot.
1052 3738 1259 3794 Nictzschii.

191 3811 359 3881 „Baruesius
383 3814 413 3864 et
431 3810 536 3865 Goettl.
555 3811 776 3877 πεντακισχίλιοι
798 3804 976 3891 τετρακόσιοι
999 3811 1047 3864 καὶ
1073 3807 1259 3879 πεντήκοντα.

191 3855 250 3936 ’Aut
273 3882 377 3937 excidit
401 3881 577 3936 Achaeorum
603 3879 708 3934 mentio
734 3881 784 3932 eut
809 3880 928 3949 scriptor
951 3897 1008 3935 non
1032 3897 1064 3936 eo
1090 3882 1121 3936 in
1145 3898 1259 3951 compu-

189 3952 279 4008 tando
307 3953 457 4022 processit,
484 3952 514 4005 id
537 3951 613 4020 quod
635 3950 667 4005 G.
686 3950 898 4004 Hermannue
921 3951 1059 4019 opinatur.
1099 3951 1172 4018 Quid
1193 3969 1259 4007 vero

190 4023 295 4079 lutet
286 4042 317 4077 ιο
336 4043 386 4078 εον
408 4024 521 4091 practer
539 4041 567 4090 ε,
592 4037 648 4090 quo
671 4021 759 4090 αρεῦν
781 4037 912 4075 numerus
931 4022 1094 4108 suppletur?
1130 4023 1260 4078 Fortasse

191 4084 241 4178 εὖ,
264 4094 340 4163 quod
368 4093 410 4148 itu
434 4111 496 4147 cum
519 4091 700 4178 sequentibus
729 4091 955 4161 coniungendum
983 4084 1094 4147 cited
1122 4090 1158 4162 δή
1185 4089 1259 4148 κατά

190 4136 287 4219 πάντα
306 4164 357 4218 τοῦ
372 4159 526 4249 Ομήρον
512 4181 609 4232 νπερτ.
629 4183 654 4216 κ
673 4182 696 4219 τ,
715 4165 756 4214 λ.“

265 4235 298 4292 V.
318 4241 360 4290 22.
389 4229 747 4303 δψίοτοιο]7’ὑτγίοτοι.
772 4232 884 4288 cor.r.S
