2948 4906
244 301 305 365 192
687 301 854 353 ΗΣῙΟΔΟΤ

242 455 410 525 έσκέιλασ’·
434 453 647 542 ἀνθρώποισι
673 452 706 521 d'
733 453 875 541 ἐμήσατο
899 453 1002 540 κήδεα
1025 454 1141 542 λνγρά.
1275 475 1311 524 95

243 561 353 650 μούνη
378 561 408 630 d'
436 561 558 630 αάτόθι
579 559 689 640 Ἐλπὶς
714 563 750 628 έν
774 559 967 649 ἀρρήκτοισι
992 560 1147 648 δόμοισιν

243 674 345 738 ἔνδον
369 675 485 757 ἔμιμνε
507 674 614 736 πίθου
637 664 702 735 ὑπὸ
726 673 888 754 χείλεσιν,
913 666 993 735 οὐδὲ
1015 666 1141 755 θύραζε

242 779 369 862 ἐξέπτη·
392 775 544 863 πρόσθεν
567 773 631 862 γὰρ
655 777 816 861 ε’πέμβαλε
839 779 936 862 πῶμα
959 781 1096 859 πίθοιο,

243 883 411 970 [αίνιόχου
433 887 575 972 βουλῇσι
599 881 685 962 Διὸς
707 885 990 972 νεφεληγερέταο]

241 989 326 1057 ἀλλα
350 989 386 1056 δὲ
410 995 513 1078 μυρία
536 986 643 1075 λυγρὰ
666 987 737 1056 κατ’
763 987 971 1077 ἀνθρώπους
995 986 1163 1074 ἀλάληται.
1257 1006 1310 1056 100

203 1119 207 1138 ·
240 1103 336 1182 πλείη
359 1095 421 1183 μὲν
445 1096 508 1185 γὰρ
531 1111 610 1182 μαῖα
632 1100 760 1183 κακῶν,
783 1102 878 1182 πλείη
904 1094 941 1162 δὲ
963 1094 1135 1163 θάλασσα·

240 1208 360 1271 νοῦσοι
385 1201 418 1270 d'
445 1201 679 1290 ἀνθρῶποισιν
704 1199 757 1288 ἐφ’
779 1198 888 1289 ,ἡμέρη
911 1198 968 1287 ἠδ’
996 1202 1048 1269 ἐπὶ
1071 1201 1166 1268 νυκτὶ

243 1307 426 1395 αὐτόματοι
449 1312 590 1396 φοιτῶσι
614 1305 697 1375 κακὰ
720 1316 877 1394 θνητοῖσι
902 1309 1066 1395 φέρουσαι

312 1540 345 1594 V.
366 1547 408 1594 95.
445 1535 538 1609 μήδεα
557 1538 603 1606 Gr,
622 1535 727 1608 μήδετο
745 1538 846 1606 Plus,
865 1536 969 1606 κέρδεα
986 1538 1052 1593 Vat.
1071 1545 1096 1592 2.

311 1611 344 1664 V.
364 1614 497 1666 96—108
520 1609 750 1665 ut‘subditioium
773 1609 808 1664 de
826 1610 963 1663 malorum
983 1609 1092 1678 origine
1115 1609 1310 1680 fragmentum

242 1683 309 1738 eiec.
328 1682 374 1736 ΡΙ.

312 1753 347 1807 V.
366 1759 408 1808 96.
446 1747 620 1822 δόμοισιν]
642 1752 807 1807 Seleucus
826 1753 945 1808 πίθοισι.

311 1824 346 1879 V.
365 1829 408 1878 97.
446 1821 584 1893 ἔμιμνε]
605 1824 647 1880 Al.
669 1820 771 1892 ἔμεινε,
789 1825 822 1877 ut
839 1822 896 1878 V2.
914 1822 979 1877 Vat.
1000 1822 1088 1878 Plut.
1107 1823 1157 1878 Br.
1194 1822 1280 1878 Male.

310 1895 344 1949 V.
364 1899 406 1949 98.
445 1890 579 1964 ἐπέλλαβε
599 1894 661 1948 Par.

310 1966 344 2019 V.
364 1971 406 2022 99,
443 1965 728 2034 abestaquibusdam
740 1965 917 2019 coddPlut.
936 1965 954 2018 l.
968 1964 987 2021 l.
1008 1965 1082 2035 Orig.
1115 1964 1308 2020 Eiec.'Gais-

238 2036 323 2093 ford.
343 2035 495 2091 Dindorf.
514 2025 652 2090 KoeohI.
671 2035 797 2090 defendit
815 2037 928 2091 Lehrs.
948 2036 967 2090 l.
986 2036 1005 2092 1.

310 2108 343 2164 V.
364 2113 423 2161 102.
462 2102 515 2175 ἔφ’
535 2103 662 2177 ἡμέρη]
699 2107 786 2160 Pauci
810 2102 861 2175 ἔφ’
885 2101 968 2176 ἥμερ’
993 2106 1039 2160 vel
1063 2102 1209 2196 ἐφήμεροι.
1248 2107 1307 2163 Vl.

240 2175 389 2248 ἐφημέριοι
408 2173 477 2233 αἴθ’.
515 2178 562 2233 sie
580 2177 668 2233 etiam
685 2178 772 2232 Plut.
791 2178 853 2244 1.1.,
872 2177 935 2232 vat.
952 2184 976 2231 λ.
998 2173 1119 2249 ἔφημέρι
1147 2174 1217 2234 αἴθ’.
1252 2174 1304 2247 ἔφ’

237 2247 329 2321 ἡμέρη
349 2248 380 2304 αἳ
398 2245 426 2303 δ’
447 2250 508 2305 Par.
529 2281 562 2290 —-
581 2243 635 2317 ἠδ’
656 2245 727 2318 έπλ]
747 2249 806 2304 Mt.
825 2250 890 2304 Vsu.
909 2245 970 2304 αἵδ’
992 2245 1046 2303 dul.

156 2492 159 2498 ·
238 2461 291 2534 μέν
315 2459 412 2526 ὄνασις
430 2458 559 2531 ἀνδρῶν,
583 2465 695 2524 πολλοῖς
713 2457 743 2516 d'
798 2464 858 2517 Hoo
877 2462 1003 2518 scholion
1022 2461 1187 2532 corruptelis
1206 2463 1305 2519 obson-

238 2531 335 2589 ἀπάτα
348 2529 518 2603 κουφονόων
536 2529 656 2599 ἔρῶταν,
691 2533 746 2600 Qui
798 2538 890 2589 ratum
914 2551 974 2588 esse
998 2535 1126 2604 exposuit
1144 2535 1306 2589 Waesoh·

239 2623 318 2676 spem
335 2607 365 2660 in
382 2605 465 2659 bonis
482 2603 635 2672 habebant,
654 2607 745 2659 totam
798 2605 877 2660 kius
903 2605 932 2658 in
962 2605 1083 2674 Symbol.
1107 2605 1208 2659 Philol.
1234 2611 1306 2661 1874

238 2677 365 2732 fabulam
382 2677 424 2730 ita
441 2675 628 2743 inverterunt,
651 2678 684 2729 ut
701 2676 744 2730 Io·
798 2695 825 2746 p.
846 2683 897 2732 164
916 2693 988 2744 seq.,
1017 2676 1065 2745 qui
1091 2678 1184 2730 totum
1211 2676 1306 2731 looum

237 2766 301 2804 vem
324 2748 451 2802 dicerent
477 2746 566 2800 bona
593 2748 688 2801 omnia
714 2747 745 2801 in
797 2751 839 2802 ita
862 2747 1064 2802 restituendum
1087 2763 1147 2802 esse
1177 2748 1301 2816 putavit:

237 2837 324 2874 unum
351 2834 402 2872 vas
434 2816 553 2870 collecta
583 2817 750 2872 hominibus.
800 2819 899 2888 [φησὶν
914 2809 1025 2886 οόνἎρ.
1042 2813 1097 2889 ὅτι]
1115 2813 1133 2886 ἡ
1151 2817 1228 2890 [μὲν]
1248 2819 1304 2872 τῶν

237 2889 394 2946 tradidisse.
432 2886 493 2941 Hoo
510 2887 578 2941 fecit
596 2888 743 2942 Babrius
798 2889 894 2942 κακῶν
914 2886 1026 2959 ἔμεινεν
1050 2884 1078 2960 [ἡ
1103 2887 1135 2944 δέ
1154 2889 1212 2943 τῶν
1230 2886 1298 2958 ἀνα-

237 2961 291 3027 ita,
317 2962 350 3013 ut
372 2974 429 3013 non
450 2958 598 3014 immemor
615 2959 745 3015 videatur
797 2961 861 3014 θῶν
876 2955 1010 3031 ἐξῆλθεν]
1026 2954 1304 3048 ὅθενάκυρολοφοῦ-

236 3033 292 3087 1οοί
314 3029 462 3085 'Homerici
486 3029 528 3097 (Il.
546 3030 651 3099 XXIV,
680 3032 743 3100 527)
798 3050 850 3099 μεν
872 3029 1000 3099 λέγοντες
1024 3027 1145 3096 ἐλπίζειν
1163 3052 1247 3086 κακα.
1284 3027 1302 3120 ἡ

236 3104 331 3158 fuisse.
358 3100 663 3156 MentionemBabrii
677 3101 746 3156 fecit
798 3097 851 3173 γάρ
872 3098 949 3164 ἔλπλς
967 3102 1064 3156 κακῶν
1083 3097 1148 3156 οὐδ’
1169 3099 1252 3157 ἔστιν.
1287 3123 1302 3157 ο

238 3171 686 3242 G.W.Mullerus80ript.11.
707 3173 757 3228 de'
798 3171 830 3227 (λέ
851 3167 978 3235 Ἡσίοδος
1000 3168 1113 3242 ἀκαίροις
1137 3169 1184 3228 tut
1207 3175 1304 3229 κακῶν

238 3245 272 3299 de
287 3243 372 3299 variis
386 3243 468 3298 rebus
482 3260 599 3325 gramm.
614 3261 642 3312 p.
653 3249 695 3298 52.
710 3275 743 3283 —
798 3240 868 3299 εἷπε,
897 3244 993 3314 itaque
1015 3244 1103 3299 latine
1123 3246 1301 3300 vertendum:

236 3315 366 3370 Ceterum
385 3314 419 3368 of.
438 3313 636 3370 Aristarchi
660 3315 743 3369 iuter·
796 3315 973 3370 Aristarchus
992 3316 1095 3370 malam
1115 3333 1128 3370 s
1149 3332 1194 3370 em
1208 3316 1237 3370 in
1252 3317 1302 3371 do-

236 3387 424 3455 pretationem
464 3403 482 3441 a
516 3384 616 3440 Proelo
662 3385 743 3441 nobis
796 3385 835 3441 lio
854 3386 1018 3442 remansisse
1036 3386 1107 3442 dicit
1128 3334 1217 3457 {bona
1234 3404 1301 3444 sero

235 3457 382 3512 traditam:
408 3457 469 3520 πῶς
487 3456 538 3526 (sio
561 3456 743 3526 Lehrsius,
798 3457 918 3529 effugit]‚
935 3458 1034 3526 quade
1048 3474 1078 3512 re
1089 3475 1145 3513 uon
1161 3461 1238 3512 recte
1252 3475 1302 3513 nos

238 3530 316 3584 codd.
337 3524 383 3594 ὡς)
403 3545 503 3598 φησιν,
523 3525 634 3597 ἔμεινεν
654 3523 686 3582 ἐν
703 3529 742 3601 τῷ
797 3528 889 3584 dicere
899 3529 974 3583 mala
984 3545 1104 3598 sperare,
1119 3545 1183 3583 nam
1196 3531 1302 3583 malam

237 3602 315 3673 πίθῳ
334 3595 352 3670 ἡ
370 3597 476 3663 Ἐλπίς·
502 3595 559 3652 ἔστι
578 3595 633 3668 νάρ
658 3601 743 3654 τοῦτο
797 3616 875 3669 spem
907 3599 1014 3653 nnllam
1042 3617 1115 3669 esse,
1147 3599 1301 3655 Hesiodum

238 3667 269 3725 ἔν
297 3668 470 3741 ἀνθρώποις.
515 3670 599 3724 τοῦτο
633 3668 664 3725 δὲ
692 3671 742 3724 καλ
796 3687 861 3726 vero
875 3670 1028 3740 improprie
1046 3688 1123 3741 spem
1138 3671 1223 3726 etiam
1242 3688 1302 3725 ma-

237 3738 371 3813 Κόμανος
407 3739 422 3797 ὁ
461 3735 656 3810 ἀρχιοινοχόος
690 3743 740 3796 τοῦ
795 3743 886 3796 lorum
905 3741 1005 3796 dixisse
1024 3744 1072 3811 (so.
1091 3758 1161 3812 eam,
1181 3759 1251 3811 quae
1271 3743 1302 3796 in

235 3813 372 3903 panitiae
390 3807 547 3882 προῦτεινε.
584 3813 670 3881 φησίν
688 3804 741 3867 οὖν
796 3812 871 3868 dudio
886 3816 1080 3882 remanserat).
1102 3803 1203 3884 ‘Nuper
1215 3815 1301 3868 etiam

236 3887 413 3957 Αρίσταρχος,
428 3877 474 3938 ότι
487 3878 505 3956 ῂ
516 3882 569 3953 μὲν
578 3884 634 3938 τῶν
644 3885 740 3938 κακῶν
794 3883 1097 3940 Hoersohelmanu.
1113 3885 1143 3938 in
1161 3886 1223 3939 Aot.
1243 3901 1299 3939 soe.

237 3954 357 4026 ἔμεινεν,
372 3952 390 4025 ἡ
405 3953 439 4010 δὲ
454 3955 510 4008 τῶν
524 3950 645 4024 ἀγαθῶν
662 3951 740 4023 ἔξῆλ-
794 3954 870 4024 Lips.
890 3954 928 4009 IV
946 3973 973 4024 p.
988 3961 1040 4010 332
1061 3957 1167 4011 scholio
1186 3972 1301 4026 operam

235 4029 299 4095 θεν,
315 4022 388 4082 ὅθεν
401 4021 630 4096 ἀκνρολονοῦμεν
645 4026 740 4095 λέγον·
794 4025 923 4091 navavit,
955 4043 1049 4080 errans
1080 4028 1110 4081 in
1142 4043 1188 4095 eo,
1225 4027 1301 4095 quod

236 4116 282 4160 τες
302 4093 423 4162 ἐλπίζειν
441 4092 530 4151 κακά·
552 4093 569 4164 ἡ
590 4093 643 4166 γὰρ
664 4093 741 4160 έλπλς
794 4093 1300 4168 Ιιελιιείοιιιοάὃ’ἔστιμιοροεοὶεεε

236 4169 341 4235 κακῶν,
352 4164 386 4222 οά
396 4167 475 4221 θεῶν
486 4168 669 4254 ςΙιελιιεὶοεε
684 4168 739 4238 leg.
795 4168 872 4224 dicit.
896 4167 1010 4223 Rectim
1024 4171 1111 4225 verba
1124 4170 1223 4225 scholii
1237 4185 1301 4238 per-

235 4240 348 4294 videtur
363 4233 428 4293 οὗθ’
446 4234 541 4310 ἔξηει).
572 4234 632 4292 ὁδ’
649 4236 740 4294 Ἡσιό-
795 4255 876 4294 versa
899 4240 1070 4295 emendavit:
1099 4235 1116 4309 ἡ
1143 4237 1197 4310 νάρ
1222 4236 1302 4303 ἐλπὶς

237 4312 285 4372 θος
313 4305 425 4377 ἀκόρας
452 4305 498 4363 dut
528 4310 623 4364 κακῶν
652 4307 739 4364 εἶπεν.
794 4311 890 4366 κακῶν
906 4306 971 4382 οό[κ
983 4309 1066 4380 ἔστιν,
1081 4307 1300 4383 ἀλλ’ἀηα]θῶν,
