2892 4902
1124 339 1211 386 XLIX

137 490 290 564 comicus,
304 481 558 559 66166Ξενίζοννα
572 487 815 548 commemorarit
828 485 939 549 Athen.
948 488 983 548 X.
993 508 1022 564 p.
1032 489 1140 564 1141),
1152 489 1213 550 nisi

137 577 373 640 substituendus
386 577 561 638 Heraclides
584 580 632 636 est
653 593 721 636 cum
739 575 889 638 Meinelrio
912 577 1026 637 Hister.
1049 577 1211 640 66110666.

138 667 248 728 Graec.
271 687 300 744 p.
324 669 399 726 422.
435 665 562 726 Omnino
585 685 613 726 v.
636 665 834 726 Marchsch.
857 684 886 741 p.
912 667 1096 726 rea-157.

230 756 288 817 ΠΙ.
319 749 583 833 Ἐπιθαλᾶμιον
614 753 664 826 εἰς
695 749 817 832 Πηλέα
846 750 906 814 καὶ
940 751 1043 814 Θέτιν
1079 754 1211 816 Hesiodo
1321 761 1322 770 ’

138 845 329 921 adscriptum
352 861 418 904 esse
436 843 556 904 videtur
578 846 701 920 propter
719 844 944 919 argumentum,
968 843 1047 919 quod
1066 846 1104 905 ab
1122 845 1212 904 Hoeis

138 954 201 996 non
229 933 306 994 adeo
333 933 484 994 diversum
512 949 579 991 esse
605 931 773 992 videbatur.
819 929 946 992 Omnem
977 931 1042 992 eius
1073 933 1213 993 notitiam

140 1023 288 1084 debemus
312 1023 435 1082 Tnebrae
458 1019 497 1080 ad
519 1019 668 1096 Lycophr.
690 1021 715 1082 1.
736 1040 765 1097 p.
790 1023 852 1080 261
878 1014 1030 1102 (Mulier),
1054 1041 1143 1098 quem
1166 1042 1213 1083 ex-

143 1111 265 1188 scripsit
282 1111 440 1171 Phavorin
453 1110 511 1170 lex.
524 1128 553 1183 p.
569 1110 631 1168 612
648 1126 675 1168 a.
710 1108 834 1168 Partem
845 1110 978 1186 catalogi
1000 1109 1095 1170 fuisse
1118 1110 1214 1186 suspi-

141 1203 230 1260 catus
256 1203 304 1260 est
325 1198 471 1275 Heynius.

233 1288 286 1348 IV.
332 1283 476 1364 Θησέως
508 1285 558 1358 εἰς
581 1279 706 1346 Ἅιδου
729 1280 937 1364 κατάβασις,
970 1305 1060 1363 quam
1096 1289 1212 1363 primus

144 1377 326 1438 memoravit
352 1376 441 1436 Paus.
468 1375 524 1449 IX,
548 1377 605 1448 31,
628 1377 647 1434 5
677 1367 731 1454 (ὡς
761 1368 876 1452 Θησεὺς
900 1373 931 1446 ἐς
959 1369 1011 1435 τὸν
1034 1370 1113 1460 ᾅδην
1136 1369 1213 1454 ὁμοῦ

143 1465 281 1549 Πειρύθῳ
304 1458 463 1544 καταβαίη)
490 1464 630 1524 Harlesio
658 1465 690 1522 in
715 1463 847 1524 Fabricii
868 1463 947 1524 Bibl.
972 1462 1023 1524 Gr.
1047 1465 1070 1524 I.
1094 1485 1121 1541 p.
1146 1468 1211 1526 592

143 1574 180 1616 ex
205 1554 343 1632 Aegimio
365 1555 557 1630 desumptum
581 1570 702 1612 carmen
723 1552 890 1614 ridebatur.
927 1552 973 1612 De
997 1571 1056 1628 qua
1074 1572 1107 1612 re
1125 1555 1215 1614 vehe-

144 1647 262 1704 menter
294 1642 474 1704 dubitamus.
519 1641 664 1701 Inductus
695 1641 728 1700 iu
759 1660 891 1701 errorem
922 1659 990 1700 esse
1017 1641 1139 1700 videtur
1171 1661 1215 1717 eo,

145 1733 224 1808 quod
252 1730 378 1808 Cercopi
403 1734 523 1807 poetae,
554 1749 645 1806 quem
672 1729 804 1805 Aegimii
831 1732 985 1790 auctorem
1011 1729 1135 1790 fuerunt
1162 1731 1215 1807 qui

145 1821 304 1895 haberent,
333 1819 479 1896 quaedam
505 1818 547 1891 εἰς
574 1812 651 1902 ᾆδον
678 1812 838 1897 κατάβασις
865 1819 1023 1893 tribuitur,
1046 1838 1123 1899 quae
1146 1838 1215 1879 oum

146 1907 270 1986 Orphici
292 1909 463 1985 argumenti
485 1909 578 1982 esset,
605 1907 682 1966 nihil
704 1926 860 1968 commune
882 1907 1015 1968 habebat
1038 1927 1105 1967 cum
1128 1927 1216 1985 argu-

145 2000 247 2058 mento
271 1997 402 2074 Aegimii
424 1997 636 2073 mythologice.
679 1996 901 2072 Argumentum
924 1997 1072 2056 indicasse
1095 1998 1216 2058 videtur

145 2086 300 2146 Plutarch.
328 2087 416 2146 Thes.
445 2087 496 2146 35.
542 2083 618 2144 (ium
650 2084 706 2144 hoc
737 2087 839 2144 autam
872 2085 898 2146 si
929 2086 1030 2161 plura,
1062 2089 1098 2145 ut
1127 2087 1216 2145 multi

145 2176 285 2248 credunt,
316 2175 474 2234 coniuncta
504 2174 628 2234 fuerunt
654 2172 727 2249 alia,
760 2174 851 2234 ctiam
884 2174 921 2232 de
948 2175 1058 2250 Aegle,
1089 2179 1215 2250 propter

145 2283 236 2340 quam
264 2263 433 2324 deseruisse
460 2262 626 2322 Ariadnam
654 2262 788 2322 Theseus
822 2262 989 2334 dicebatur,
1021 2262 1059 2322 de
1091 2281 1151 2339 qua
1181 2283 1216 2323 re

146 2352 261 2413 Heroas
279 2352 466 2429 Megarensis
485 2353 663 2426 exposuerat
677 2342 810 2430 (Fragm
827 2347 915 2428 113),
938 2370 998 2410 non
1015 2351 1215 2426 improbabile

145 2441 267 2514 ridetur
294 2442 386 2500 etiam
411 2440 479 2500 illos
507 2457 626 2513 versus,
655 2457 729 2515 quos
760 2458 796 2498 ex
817 2439 918 2498 nescio
942 2459 1000 2514 quo
1023 2440 1114 2515 poeta
1135 2439 1215 2499 idem
1327 2462 1333 2473 ·

146 2529 262 2590 Hereas
287 2531 474 2606 allegaverat
496 2521 591 2607 (Plut.
614 2528 703 2587 Thes.
727 2523 797 2606 32):

306 2611 359 2678 τὸν
382 2610 535 2698 (Ἄλυκον)
559 2613 592 2676 ἐν
614 2609 764 2698 εὐρυχόρῳ
787 2609 852 2676 ποτ’
875 2609 1003 2696 Ἀφίδνῃ

259 2701 449 2785 μαρνάμενον
473 2699 589 2784 Θησεὺς
606 2697 728 2783 Ἑλένης
751 2698 826 2765 ἕνεκ’
852 2698 998 2783 ἠϋκόμοιο

259 2816 371 2856 arsaces

148 2905 201 2962 pro
224 2884 383 2944 Hesiodeis
413 2884 567 2944 habendos
591 2901 667 2944 esse.
703 2883 818 2944 Heroas
841 2882 880 2942 ab
903 2882 1004 2959 thm.
1027 2883 1067 2941 M.
1090 2902 1118 2957 p.
1142 2884 1216 2956 436,

152 2976 193 3035 35
217 2974 316 3034 Heras
339 2973 397 3032 dici
419 2973 546 3032 videtur.
983 2981 986 2988 ⁴
1148 3023 1152 3032 ,

237 3062 274 3122 V.
304 3062 348 3120 De
362 3062 501 3138 carmine,
520 3060 601 3137 quod
619 3059 787 3140 Αἰγίμιος
806 3063 939 3135 vocatur,
954 3080 983 3120 v.
1002 3060 1219 3120 Valckenar.

150 3152 187 3211 ad
208 3152 313 3227 Hurip.
336 3149 447 3210 Phoen.
470 3170 498 3225 p.
525 3151 601 3210 735:
634 3149 773 3223 „Patrem
802 3149 949 3224 poematis
972 3149 1128 3209 veterrimi
1158 3169 1219 3209 me-

117 3231 122 3241 ’
150 3240 238 3300 liores
266 3239 374 3313 critici,
403 3239 474 3298 dum
502 3239 606 3312 silent,
633 3239 773 3315 ignorare
802 3256 834 3297 se
860 3238 1049 3298 fatebantur:
1081 3238 1218 3298 nonnulli

149 3329 322 3389 tribuerunt
342 3328 419 3388 illud
441 3327 491 3388 vel
514 3327 645 3387 Hesiodo
668 3327 718 3386 vel
740 3325 866 3402 Uercopi
888 3327 1015 3388 Milesio.
1060 3326 1217 3404 Aegimius

150 3417 274 3478 Herculi
304 3417 400 3477 vicem
431 3417 578 3476 retulerat
605 3416 719 3490 accepti
751 3414 900 3476 beneficii:
936 3415 1013 3475 huie·
1038 3416 1218 3492 inscriptum

150 3523 257 3582 poema
288 3506 544 3581 complectebatur
578 3505 682 3580 procul
715 3504 805 3564 dubio
837 3504 951 3563 bellum
981 3504 1114 3581 Aegimii
1149 3523 1219 3564 cum

150 3593 299 3670 Lapithis:
321 3595 453 3670 Aegimii
470 3593 660 3670 filiorumque
678 3594 818 3670 duorum,
838 3593 877 3652 ad
895 3593 1092 3668 questoriae
1107 3592 1218 3669 Hyllus

150 3685 276 3744 accessit
297 3683 485 3756 Heraclides,
514 3682 680 3742 historiam.
724 3681 789 3740 Alii
816 3681 937 3757 quidem
966 3682 1135 3760 attigeruut
1163 3683 1220 3742 hoc

150 3790 268 3849 poema;
293 3771 346 3832 sed
369 3772 528 3846 diligenter
546 3771 610 3847 egit
628 3775 719 3846 atque
738 3771 893 3847 eleganter
911 3771 948 3830 de
966 3770 1105 3846 Aegimio
1123 3770 1217 3831 Henr.

150 3861 290 3922 Valesius
313 3860 437 3920 Hmend.
460 3861 483 3920 I.
503 3879 526 3920 o.
545 3859 685 3920 XXXH.“
721 3859 767 3918 De
790 3860 847 3920 hoo
869 3863 1007 3934 poemate
1028 3860 1065 3920 cl.
1085 3861 1220 3920 Muller

151 3949 220 4009 Dor.
246 3949 271 4010 1.
299 3969 328 4024 p.
356 3950 407 4010 28.
452 3948 628 4010 Welcker.
658 3947 739 4026 Cyel.
767 3967 812 4024 ep.
839 3969 868 4024 p.
898 3951 972 4009 1163.
1017 3948 1222 4008 Marcksch.

151 4057 179 4113 p.
204 4040 388 4099 160-169.
433 4038 630 4114 Praecipuum
652 4037 824 4113 argumenti
846 4038 985 4096 carminis
1012 4041 1134 4112 partem
1155 4055 1222 4098 con-

153 4127 227 4188 tinet
248 4127 383 4188 narratio
405 4126 582 4202 Apollodori
603 4126 642 4202 II,
664 4127 692 4201 7,
713 4129 741 4202 7,
762 4128 790 4186 3.
829 4126 867 4187 V.
889 4125 1019 4201 Bergk.
1042 4127 1101 4186 hit.
1126 4125 1222 4186 (16.1.

154 4235 182 4289 p.
205 4219 300 4278 1006.
345 4215 448 4276 Unum
474 4215 584 4276 addere
611 4215 702 4276 liceat
728 4217 851 4292 propter
882 4215 1053 4292 fragmenta
1082 4218 1100 4274 7
1130 4216 1161 4274 61
1190 4216 1223 4272 8.

154 4303 189 4361 16
210 4305 265 4365 hoc
291 4307 430 4382 poemate
459 4323 627 4364 sermonem
654 4304 746 4365 etiam
773 4303 867 4364 fuisse
895 4305 933 4363 de
960 4303 1152 4364 Doriensium
1174 4320 1222 4361 re-

206 4414 308 4456 Ensron.
323 4415 358 4454 ed.
373 4412 484 4464 Gcttling.
992 4403 1010 4456 d
