2938 4892
536 307 631 360 arus
648 307 713 360 τοι
731 308 883 362 aunem.
1179 306 1243 372 259

261 465 306 528 El
328 462 368 530 δέ
389 479 428 528 σε
451 466 625 548 ναυτιλίης
649 462 884 549 δυςτεμφίλον
906 463 1022 549 ἵμερος
1044 465 1146 550 ciust,

172 559 241 636 εὖτ’
266 563 311 635 ἂν
334 567 505 653 narratas
530 570 656 647 σθένος
678 566 823 657 ὄβριμον
843 563 1034 656 Ὠαρίωνος

172 673 359 761 φεύγουσαι
381 679 548 742 ιτίιττιοσιν
572 676 606 754 ἐς
627 671 785 762 ἠροειδίοι
808 673 953 760 πόντον,
1190 695 1243 746 620

171 778 215 869 δὴ
237 779 311 849 τότε
333 785 504 848 παντοίων
527 776 664 867 ἀνίμων
686 779 837 849 θύουσιν
860 778 973 867 ἄηται·

171 888 227 955 καί
250 885 325 956 τότε
347 888 463 973 μηκέτι
485 889 570 973 νῆας
593 891 682 973 ἔχειν
705 887 757 955 ἐνὶ
781 895 894 955 οίνοτιι
916 887 1045 981 τόντςο,

242 1083 277 1137 V.
297 1085 357 1138 618.
394 1101 413 1135 α
448 1082 550 1136 ‘unus
564 1080 723 1140 Vindobon.
742 1085 772 1137 et
785 1081 817 1138 G.
856 1082 976 1138 Versum
992 1083 1023 1138 in
1040 1082 1135 1140 animo
1154 1085 1242 1142 habet

172 1152 424 1208 SchochmIl.
471 1151 521 1219 VI,
541 1155 601 1208 748.

243 1223 277 1280 V.
297 1229 358 1279 619.
395 1219 551 1294 ὄβριμον]
571 1223 617 1278 Sic
631 1224 693 1280 Par.
712 1224 749 1278 al.
770 1218 912 1295 ὄμβριμον
929 1223 986 1279 Vl.
1005 1223 1071 1300 Vct
1090 1232 1115 1281 2.
1152 1227 1242 1282 vad

171 1296 278 1422 arsag.
299 1300 358 1420 iii.
395 1319 568 1434 ήιιιιειοιι
586 1365 627 1419 sl.

243 1436 277 1491 V.
297 1442 357 1491 622.
394 1431 433 1506 μὴ
451 1436 523 1504 νῆας
542 1436 597 1490 Vl.
616 1436 680 1491 Vct.
700 1442 725 1491 2.
744 1437 807 1491 Pur.
828 1467 862 1476 —
880 1435 999 1492 folum
1017 1437 1059 1492 Ill.

172 1615 239 1668 dem
266 1613 336 1668 alles
364 1614 416 1682 gut
441 1613 570 1683 besorgt,
597 1616 679 1668 unter
732 1614 767 1668 Π.
784 1632 811 1683 p.
827 1620 852 1682 9,
871 1613 940 1683 quin
957 1617 1037 1672 totus
1055 1631 1152 1671 versus
1166 1617 1242 1673 aete·

172 1685 219 1740 die
232 1683 305 1738 Erde
319 1684 437 1754 geben.“
461 1684 504 1738 De
518 1684 610 1738 forma
624 1686 678 1754 εἴη,
733 1685 769 1738 tis
791 1684 954 1740 recentioris
974 1685 1024 1755 sit,
1051 1685 1175 1740 dubitari
1193 1702 1240 1741 ue·

141 1759 153 1770 '
173 1771 259 1825 quam
295 1754 427 1810 Lebrsius
462 1771 514 1825 pro
551 1754 679 1824 optativo
733 1755 803 1824 quit
1285 1755 1287 1766 ⁴

164 1825 254 1882 ‘verbi
280 1823 338 1896 εἶμι
364 1824 501 1895 habebat,
525 1825 679 1896 adstipula·
767 1826 801 1881 V.
822 1831 984 1882 618-694.
1029 1826 1160 1896 Sequitur
1183 1844 1241 1882 car·

172 1901 220 1952 tus
243 1900 285 1952 est
306 1896 490 1952 Foerstem.
514 1897 532 1950 l.
550 1897 569 1952 l
588 1915 615 1966 p.
636 1903 678 1952 43.
732 1896 1042 1967 mendenavigatione.
1080 1898 1241 1955 V.Lehrs.

171 1969 207 2024 V.
225 1985 298 2036 quae
316 1969 414 2022 contra
431 1969 541 2024 monuit
558 1968 678 2023 Raaoh.
732 1986 760 2038 p.
779 1973 845 2023 207:
864 1967 961 2038 „Quae
976 1969 1132 2038 sequuntur
1146 1968 1181 2024 de
1194 1987 1242 2024 na·

171 2039 246 2093 DiaL
286 2045 364 2094 ‚453
382 2039 509 2109 allegans
532 2040 678 2095 Kbhner.
733 2038 877 2110 rigatione
893 2055 926 2094 eo
940 2037 1058 2095 consilio
1076 2038 1153 2095 facta
1171 2056 1241 2108 esse,

173 2110 221 2165 (ir.
249 2056 332 2166 [fuer.
360 2109 385 2166 I.
409 2125 436 2179 p.
457 2115 517 2168 663.
559 2109 678 2165 Goett-
733 2111 766 2164 ut
783 2111 837 2166 hoc
855 2109 1099 2179 modointrarent,
1117 2110 1184 2166 inde
1202 2112 1244 2166 vi·

174 2179 319 2250 lingiur:
348 2183 464 2249 „Atque
496 2180 538 2236 ita
565 2181 679 2249 quidem
733 2180 816 2236 detur
835 2197 980 2251 apparere,
999 2182 1074 2250 quod
1087 2183 1142 2236 boc
1159 2182 1244 2237 modo

171 2253 249 2307 recte
268 2250 415 2306 constituti
433 2250 490 2306 sint
507 2250 595 2306 totius
612 2252 678 2306 anni
733 2251 879 2322 aptissime
892 2251 1005 2306 initium
1018 2252 1051 2305 fit
1065 2252 1101 2306 ab
1120 2269 1153 2307 eo
1171 2256 1242 2308 tem-

172 2321 280 2377 conditi
296 2320 435 2377 labores.“
469 2321 679 2392 Lanuepius:
733 2338 810 2392 pore,
829 2338 885 2390 quo
908 2339 965 2376 non
983 2322 1174 2392 navigandum
1193 2323 1242 2378 sit:

173 2393 223 2463 „Si
241 2393 281 2448 sic
305 2392 523 2462 egeris,·annus
540 2393 570 2446 in
588 2393 679 2462 operi·
734 2393 809 2462 quod
832 2391 959 2462 alioquin
983 2392 1091 2461 aliquid
1116 2393 1244 2449 offensio·

172 2465 225 2519 bus
243 2465 319 2519 terra
338 2464 473 2518 obeundis
491 2466 567 2518 recte
586 2463 680 2534 dispo·
735 2463 778 2517 nis
800 2462 925 2518 haberet.
967 2465 1049 2518 Nunc
1071 2479 1137 2518 vero
1165 2468 1243 2534 post·

173 2534 244 2590 situs
262 2534 365 2590 fuerit“
383 2535 458 2588 male
473 2534 606 2604 supplens
623 2535 681 2589 τῶν
735 2549 820 2603 quam
851 2533 1019 2598 rusticorum
1052 2550 1168 2604 operum
1196 2535 1243 2590 de·

173 2601 246 2660 ιιοιτίι
261 2601 369 2675 χθονὸς
383 2602 473 2674 ἔργον
491 2602 680 2676 agriculturae
735 2604 850 2675 scriptio
869 2607 899 2659 in
917 2604 1064 2678 Pleiadum
1083 2608 1114 2660 et
1131 2605 1243 2660 Orionis

172 2693 257 2747 praec
293 2679 332 2730 ta.
375 2675 631 2732 Schoemannus
652 2694 680 2746 p.
734 2693 836 2731 occasu
859 2678 888 2731 et
909 2676 1038 2732 aratione
1061 2679 1123 2730 tum
1141 2693 1243 2747 aggre-

174 2754 221 2804 52:
250 2790 266 2816 ,,
302 2746 355 2802 ihil
382 2751 478 2802 autem
499 2747 681 2816 probabilius,
735 2746 839 2802 dienda
857 2747 987 2803 conclusa
1005 2747 1244 2817 subiectissime

173 2835 274 2888 quam,
300 2821 365 2888 post
390 2817 538 2889 proposita
565 2835 681 2888 operum
734 2818 805 2873 haec
827 2819 995 2887 procedunt:
1020 2819 1063 2872 sin
1085 2817 1243 2888 navigatio·

172 2888 341 2944 rusticorum
357 2891 516 2960 praecepta,
534 2889 578 2944 his
597 2889 684 2945 etiam
736 2887 780 2942 nis
796 2890 897 2958 cupido
911 2890 1038 2958 tetenet‚
1057 2891 1110 2944 hoc
1129 2890 1244 2958 quidem

173 2963 271 3018 votum
289 2961 343 3014 hoc
365 2959 444 3029 addi,
472 2965 503 3016 ut
525 2961 591 3016 anni
615 2977 683 3030 quc·
737 2963 861 3028 tempus,
885 2976 941 3028 quo
959 2959 1091 3014 Pleiades
1110 2963 1139 3015 et
1158 2959 1243 3016 Orion

173 3048 228 3101 que
246 3033 429 3100 tempestates
454 3031 584 3101 operibus
606 3032 683 3087 fave·
737 3028 875 3098 occidunt,
893 3030 1070 3100 navigationi
1081 3048 1136 3086 non
1146 3033 1244 3100 aptum

173 3105 224 3158 ant
247 3105 276 3157 et
300 3099 372 3156 κατὰ
395 3100 478 3172 χρέος
500 3103 529 3185 h:
548 3119 572 3157 e.
592 3102 632 3156 sic
650 3105 683 3156 ut
736 3104 791 3156 est:
810 3102 859 3155 sed
877 3105 951 3170 tum,
970 3103 1003 3154 ut
1020 3103 1060 3202 teu
1077 3102 1244 3170 commonui,

172 3190 245 3298 illl
267 3175 326 3298 lt
345 3175 590 3314 attributi*
608 3190 682 3315 llll
736 3171 1055 3311 [tertiabit.
1074 3204 1125 3298 a]
1138 3173 1244 3300 lert?

174 3315 254 3372 colae
272 3330 368 3369 omnes
391 3331 447 3370 uno
471 3331 519 3369 ore
542 3316 623 3370 nobis
641 3315 683 3370 af·
736 3313 830 3368 fahrt“
849 3313 896 3370 al.
1145 3338 1148 3344 ·
1274 3345 1277 3354 ‚

173 3385 349 3440 firmabant.“
362 3384 483 3456 Respuit
494 3386 683 3441 coniecturam
771 3385 804 3439 V.
821 3391 881 3440 620.
914 3381 1120 3457 φεύγουσαι]
1139 3385 1245 3458 Magna

174 3456 413 3511 Schoemanni
435 3453 508 3512 κατὰ
532 3457 612 3526 χρέος
630 3473 682 3526 pro
736 3472 801 3525 pars
835 3455 1005 3511 Graecorum
1037 3471 1099 3510 cum
1131 3456 1244 3511 Boeotia

174 3522 248 3582 κατὰ
262 3523 370 3596 χθονὸς
384 3527 503 3582 Steitz.
515 3545 543 3596 p.
555 3534 614 3595 143,
633 3527 682 3597 qui
737 3527 884 3582 stellarum
905 3525 1043 3596 imagines
1066 3526 1245 3581 venationem

174 3613 349 3653 versumnon
356 3597 499 3667 unaparte
507 3597 683 3653 laborantem
703 3633 705 3638 ·
738 3597 857 3666 Orionis,
875 3597 973 3667 magni
983 3597 1152 3652 Graecorum
1165 3597 1245 3650 Nim-

175 3684 239 3722 cum
263 3668 488 3739 Goettlingio
516 3668 682 3724 eiicieudum
737 3668 808 3737 rodi,
821 3668 1083 3738 itarepraesentara
1096 3667 1244 3738 putabant,

175 3755 235 3794 csse
244 3740 361 3795 monuit.
375 3740 682 3810 Kappotasdenique
737 3741 770 3794 ut
789 3739 855 3794 Orio
874 3756 937 3794 cum
952 3737 1024 3793 Sirio
1044 3754 1113 3792 cane
1132 3733 1245 3808 ἄρκτον,

174 3809 194 3864 l.
204 3809 223 3864 l.
237 3827 266 3879 p.
277 3816 310 3865 37
326 3810 503 3866 scribendum
513 3807 683 3866 maculastis
736 3806 890 3873 πελειάδας
908 3806 1067 3879 (πληϊάδος,
1081 3809 1246 3879 columbas),

174 3875 265 3935 ὃέἷτιι
283 3877 390 3950 χθονὸς
413 3877 534 3952 ἄρμενος
558 3880 620 3936 ιιίεί
638 3899 682 3936 ra-
736 3875 830 3944 ίιοίδας
858 3882 989 3951 (suculas)
1031 3876 1168 3935 νιτοιιιοίδα
1191 3882 1244 3936 eet.

174 3953 295 4007 tuaest.
333 3951 403 4007 Cum
427 3947 531 4006 πλειὼν
556 3952 591 4007 de
609 3969 682 4008 anno
736 3955 959 4023 persequeretur.
996 3923 1069 4007 ilinc
1082 3950 1155 4006 illud
1174 3947 1243 4019 φεί-

174 4037 232 4078 nou
250 4024 414 4092 usurpatum
433 4023 471 4078 sit
487 4022 549 4076 nisi·
561 4024 597 4078 ab
615 4024 681 4079 Alo-
738 4040 841 4092 ηουσαι
870 4019 1017 4092 Ὠαρίωνα.
1065 4023 1146 4078 Iones
1177 4038 1245 4076 vero

175 4092 328 4162 xandrinis‚
347 4093 426 4149 velut
439 4110 457 4148 a
470 4092 685 4149 Callimacho
737 4093 858 4164 plaustri
870 4088 1001 4217 ςινίξης)
1014 4093 1167 4164 imaginem
1181 4108 1246 4145 cum

174 4163 276 4232 Hymn.
290 4164 392 4219 inlov.
407 4169 450 4220 89.
478 4164 643 4234 Lycophr.
657 4183 684 4222 v.
738 4164 861 4219 bubulco
895 4166 959 4219 oote
968 4165 998 4218 in
1013 4164 1112 4218 iisdem
1123 4161 1246 4217 siderum

175 4240 236 4291 201.
248 4240 325 4290 1039‘.
344 4235 684 4304 Antipatrosidonio
738 4236 851 4290 sedibus
873 4233 969 4290 videre
993 4233 1245 4289 sibi'videbantur.

175 4305 227 4376 Ep.
242 4304 317 4362 XIII.
336 4324 362 4361 v.
379 4311 394 4358 3
414 4307 444 4360 in
456 4306 538 4361 Anal.
552 4305 686 4362 Bmuclrii
738 4306 772 4361 V.
791 4307 883 4362 Vosr.
904 4305 940 4360 ad
957 4305 1036 4359 Aret.
1055 4311 1098 4359 26.

977 4391 1032 4447 17*
