2904 4900
239 241 302 306 358
563 243 733 296 ΗΣῙΟΔΟΤ
750 245 814 295 ΚΑΙ
833 242 991 296 ΟΜΗΡΟΥ

240 391 345 462 αὐτοῦ
368 393 446 479 παρ’
472 393 596 480 αὐτοῖς,
615 391 794 482 Ὁμηρίδας
811 393 1048 481 καλουμένους.
1086 394 1309 482 Κολοφώνιοι

241 500 278 568 δὲ
301 501 357 568 καὶ
380 499 485 569 τόπον
510 500 738 586 δεικνύουσιν,
763 503 800 568 έν
824 491 851 591 ᾧ
874 519 978 587 φασιν
1002 498 1107 568 αὐτόν
1130 499 1309 587 γράμματα

241 605 447 674 διδάσκοντα
469 611 529 693 τῆς
551 605 715 693 ποιήσεως
737 605 916 693 άρξασθαι,
937 607 993 674 καὶ
1011 610 1150 691 ποιησαι
1171 611 1309 694 πρῶτον

239 711 301 780 τόν
321 719 509 800 Μαργίτην.
546 715 622 801 περὶ
647 713 683 782 δὲ
706 718 774 781 τῶν
797 715 927 798 γονέων
951 710 1056 781 αὐτοῦ
1080 713 1183 782 πάλιν
1200 713 1309 803 πολλὴ

205 822 411 906 εδιαφωνία
442 819 531 907 παρά
559 824 661 888 πᾶσίν
694 821 794 887 ἐστιν.
835 816 1030 898 Ἑλλάνικος
1062 819 1124 906 μδν
1155 819 1219 907 γάρ
1250 823 1309 888 καὶ

187 926 572 1013 314ΚλεάνθηςΜαίονα
594 930 763 1013 λέγουσιν,
778 923 936 1010 Εόναίων
956 925 993 993 δὲ
1006 929 1157 1013 Μέλητα,
1175 933 1302 994 Καλλι-

241 1037 321 1120 κλῆς
356 1032 393 1101 δδ
423 1033 645 1121 Μαιανόραν,
677 1032 889 1120 Δημόκριτος
920 1031 958 1099 δὲ
993 1031 1187 1119 Τροιζήνιος
1216 1032 1308 1120 Δαή-

242 1166 329 1226 μονα
357 1144 520 1226 ἔμπορον,
549 1144 635 1208 ἔνιοι
663 1139 701 1208 δὲ
728 1138 903 1226 Ταμύραν,
931 1138 1111 1224 Αἰγύπτιοι
1139 1138 1177 1207 δὲ
1199 1141 1310 1208 Μενέ-

242 1271 349 1332 μαχον
376 1249 647 1335 προγραμματέα·
676 1247 740 1314 είσὶ
769 1244 800 1311 δ’
829 1251 864 1312 οἳ
889 1246 1081 1332 Τηλέμαχον
1108 1244 1169 1314 τὸν
1193 1243 1309 1314 Ὀδυσ-

188 1374 221 1423 10
244 1354 339 1431 σέως·
368 1356 493 1440 μητέρα
520 1351 551 1419 δ’
578 1356 613 1420 οί
634 1351 695 1438 μὲν
717 1356 850 1437 Μῆτιν,
875 1355 909 1419 οί
931 1350 968 1418 δὲ
991 1354 1190 1438 Κρηθηίδα,
1214 1356 1250 1420 οί
1271 1353 1309 1420 δέ

241 1465 418 1545 Θεμίστην,
443 1462 478 1526 οί
500 1457 531 1525 δ’
557 1456 740 1543 Εάγνηθοό,
765 1462 851 1524 ἔνιοι
874 1455 906 1523 δ’
929 1455 1124 1543 Ἰθακησίαν
1147 1456 1223 1526 τινδι
1240 1456 1308 1526 ὑπὸ

245 1571 415 1632 Φοινίκων
444 1562 755 1651 άπεμποληθεϊσαν,
784 1567 819 1630 οί
840 1561 877 1629 δὲ
901 1562 1098 1648 Καλλιόπην
1125 1562 1187 1651 τὴν
1210 1569 1309 1632 Μοῦ-

241 1690 320 1756 σαν,
347 1669 436 1750 τινδς
467 1670 504 1738 δέ
527 1669 751 1756 Πολυκάστην
779 1667 842 1755 τὴν
870 1672 1051 1757 Νέστορος.
1097 1672 1243 1739 ἐκαλεῖτο
1271 1671 1310 1739 δὲ

241 1780 372 1863 Μέλης,
405 1774 450 1856 ὥς
484 1779 524 1844 δέ
553 1779 641 1856 τινές
672 1796 771 1861 φασι,
800 1777 1047 1861 Μελησινένης,
1076 1774 1120 1855 ὡς
1153 1774 1185 1842 δ’
1212 1782 1309 1862 ἔνιοι,

188 1882 361 1969 ω”Αλτης
407 1880 646 1969 ὀνομασθῆναι
674 1880 705 1949 δ’
732 1880 837 1949 αὐτόν
860 1889 948 1967 φασί
970 1910 1059 1963 τινες
1077 1881 1228 1970 Ὅμηρον
1252 1881 1310 1950 διά
1329 1905 1362 1952 35

239 1988 278 2057 τὸ
311 1988 372 2057 τὸν
404 1991 529 2070 πατέρα
561 1985 667 2056 αὐτοῦ
700 1985 831 2075 ὅμηρον
864 1992 1011 2074 δοθῆναι
1044 1987 1110 2056 ὑπὸ
1143 1996 1308 2078 Κυπρίων
1436 1993 1437 2002 ³

244 2097 408 2182 Πέρσαις,
437 2099 472 2163 οί
493 2093 531 2179 δὲ
555 2092 611 2161 διά
639 2093 700 2181 τὴν
728 2092 881 2180 πήρωσιν
909 2099 976 2163 τόν
1007 2094 1174 2183 ὀμμάτων.
1219 2095 1308 2184 παρά

240 2200 304 2290 γάρ
336 2217 406 2282 τοῖς
438 2205 620 2270 Αἰολεῦσιν
654 2199 761 2279 οὕτως
793 2203 829 2267 οί
860 2202 960 2288 πηροὶ
990 2206 1181 2271 καλοῦνται.
1228 2201 1308 2288 ὅπερ

244 2307 275 2376 δ’
301 2307 491 2397 ἀκηκόαμεν
516 2310 569 2377 ε’πὶ
586 2312 648 2377 τοῦ
667 2305 849 2375 θειοτάτου
867 2304 1113 2394 αὐτοκράτορος
1129 2306 1308 2396 Ἀδριάνοῦ

187 2437 221 2485 20
243 2420 422 2506 εἰρημένον
449 2413 515 2485 ὑπὸ
543 2421 602 2503 της
629 2421 768 2494 Πυθίας
795 2414 870 2499 περὶ
893 2411 1054 2501 Ὁμήρου,
1084 2415 1308 2502 ἐκθησόμεθα.

240 2529 301 2592 τοῦ
330 2523 394 2612 γάρ
423 2525 587 2610 βασιλέως
609 2527 810 2607 πυθομένου
836 2520 946 2588 πόθεν
961 2517 1107 2608 Ὅμηρος
1127 2522 1183 2589 καὶ
1205 2527 1308 2608 τίνος,

241 2628 453 2718 άπεφοίβασε
476 2627 521 2697 δι’
548 2630 728 2716 ἑξαμέτρου
750 2629 850 2696 τόνδε
872 2625 933 2695 τὸν
955 2627 1095 2714 τρόπον·

284 2752 461 2840 άγνωστόν
485 2750 518 2840 μ’
546 2757 636 2840 ἒρεαι
659 2749 779 2837 γενεὴν
802 2752 858 2818 καὶ
880 2753 1024 2839 πατρίδα
1046 2765 1147 2836 γαῖαν

283 2857 477 2945 ἀμβροσίου
500 2861 664 2943 σειρῆνος.
711 2857 787 2934 ἕδος
811 2851 842 2920 δ’
866 2853 1055 2941 Ἰθακήσιός
1078 2858 1185 2925 ἐστιν·

187 2986 221 3035 25
291 2967 480 3051 Τηλέμαχος
503 2962 541 3030 δὲ
563 2960 681 3050 πατήρ,
704 2963 759 3028 καὶ
782 2963 954 3048 Νεστορέη
975 2959 1151 3049 Ἐπικάστη

286 3069 405 3158 μήτηρ,
428 3066 450 3155 η’
473 3094 532 3155 μιν
556 3073 659 3136 ἔτικτε
681 3070 815 3154 βροτῶν
838 3064 925 3133 πολὺ
947 3065 1126 3154 πάνσοφον
1149 3067 1267 3158 άνδρα.

330 3189 380 3272 οἷς
406 3191 550 3280 μάλιστα
585 3194 639 3259 δεῖ
669 3191 839 3259 πιστεύειν
868 3190 924 3258 διά
951 3217 986 3259 τε
1018 3189 1077 3259 τόν
1109 3193 1309 3281 πυθόμενον

238 3303 294 3369 καὶ
323 3299 383 3369 τόν
415 3297 704 3386 ἀποκρινάμενον,
738 3297 847 3376 άλλως
869 3323 904 3364 τε
938 3296 1044 3378 οὕτως
1074 3303 1136 3368 τοῦ
1167 3305 1309 3386 ποιητοῦ

240 3409 462 3496 μεγαλοφυῶς
489 3401 549 3473 τὸν
571 3403 766 3493 προπάτορα
795 3401 852 3470 διὰ
875 3407 944 3470 τῶν
968 3405 1057 3473 ἐπάν
1081 3406 1307 3487 δεδοξακότος.

310 3656 344 3711 V.
364 3662 389 3710 6.
426 3653 577 3724 Μαίονα]
596 3655 618 3708 F
638 3655 728 3722 βιονα.
750 3671 818 3709 corr.
836 3652 963 3707 Welck.
983 3652 1039 3707 l.1.
1059 3654 1088 3707 et
1107 3653 1260 3709 Sturzius
1277 3655 1309 3709 in

239 3728 348 3783 Hellan.
363 3727 463 3796 fragm.
482 3731 581 3794 p.171.
598 3755 632 3765 -
652 3717 826 3797 Εόηαίων]
844 3725 866 3779 F
887 3720 1022 3796 εόίίίαίων
1046 3723 1064 3777 S
1085 3718 1220 3794 εόμαίων.
1239 3743 1308 3781 corr.

239 3796 433 3854 Meinekius
452 3796 534 3850 Anal.
554 3796 632 3852 Alex.
652 3814 680 3864 p.
700 3803 742 3852 61.

240 3940 280 3994 N·
306 3867 345 3993 tV.
361 3874 385 3921 7.
422 3863 647 3938 Μαιαγόραν]
666 3867 688 3920 F
707 3862 883 3940 tsslwslsdossl
899 3866 984 3936 vulgo
1004 3861 1205 3936 Δμοισαγόροιν.
1239 3884 1307 3927 corr.

272 3956 302 3994 ιο
325 3957 348 3992 z.
697 3949 701 3957 “
1274 3954 1277 3961 ·

314 4009 345 4064 V.
367 4015 407 4064 11.
447 4009 633 4081 Θεμίστην]
653 4009 675 4063 F
694 4010 823 4078 θεμίτην.
852 4024 921 4063 corr.
942 4008 970 4065 S.

311 4080 346 4135 V.
367 4085 408 4134 15.
440 4075 603 4151 ἈλτηςΠ
629 4074 761 4149 αὐλητὴν.
783 4079 1020 4134 correx.Welok.
1041 4079 1093 4134 LL
1113 4097 1147 4134 ex
1165 4079 1251 4136 schol.
1272 4079 1308 4134 ad

241 4151 320 4207 Iliad.
340 4150 426 4217 XXII,
447 4156 489 4205 51.
509 4146 592 4205 -δ’
612 4152 677 4220 post
695 4145 834 4222 όνομασθ.
855 4151 966 4205 addidit
983 4151 1266 4206 woutermannus.

311 4222 345 4277 V.
365 4227 408 4276 19.
443 4216 633 4292 Ἀδριανοῦ]
653 4222 675 4276 F
694 4217 827 4276 άδιανοό.
852 4221 999 4276 masin
1013 4223 1147 4292 margine.
1181 4300 1185 4310 Ι
