<?xml version="1.0" encoding="UTF-8"?>
<!DOCTYPE html PUBLIC "-//W3C//DTD XHTML 1.0 Transitional//EN"
    "http://www.w3.org/TR/xhtml1/DTD/xhtml1-transitional.dtd">
<html xmlns="http://www.w3.org/1999/xhtml" xml:lang="en" lang="en">
 <head>
  <title>
</title>
<meta http-equiv="Content-Type" content="text/html;charset=utf-8" />
  <meta name='ocr-system' content='tesseract 3.04.00' />
  <meta name='ocr-capabilities' content='ocr_page ocr_carea ocr_par ocr_line ocrx_word'/>
</head>
<body>
  <div class='ocr_page' id='page_1' title='image "./hesiodicarmina02hesigoog_0049.png"; bbox 0 0 2892 4902; ppageno 0'>
   <div class='ocr_carea' id='block_1_1' title="bbox 223 333 309 380">
    <p class='ocr_par' dir='ltr' id='par_1_1' title="bbox 223 333 309 380">
     <span class='ocr_line' id='line_1_1' title="bbox 223 333 309 380; baseline 0 0"><span class='ocrx_word' id='word_1_1' title='bbox 223 333 309 380; x_wconf 87' lang='lat' dir='ltr'>XLIV</span> 
     </span>
    </p>
   </div>
   <div class='ocr_carea' id='block_1_2' title="bbox 225 478 1301 3839">
    <p class='ocr_par' dir='ltr' id='par_1_2' title="bbox 225 478 1293 648">
     <span class='ocr_line' id='line_1_2' title="bbox 225 478 1293 556; baseline -0.002 -16"><span class='ocrx_word' id='word_1_2' title='bbox 225 499 296 556; x_wconf 86' lang='lat' dir='ltr'>mag</span> <span class='ocrx_word' id='word_1_3' title='bbox 311 481 365 538; x_wconf 90' lang='lat' dir='ltr'>das</span> <span class='ocrx_word' id='word_1_4' title='bbox 377 479 464 538; x_wconf 90' lang='lat' dir='ltr'>Alter</span> <span class='ocrx_word' id='word_1_5' title='bbox 472 480 527 539; x_wconf 89' lang='lat' dir='ltr'>der</span> <span class='ocrx_word' id='word_1_6' title='bbox 541 478 811 553; x_wconf 79' lang='lat' dir='ltr'>G&#39;o&#39;tterzwiilfzahl,</span> <span class='ocrx_word' id='word_1_7' title='bbox 830 479 924 539; x_wconf 88' lang='lat' dir='ltr'>disin</span> <span class='ocrx_word' id='word_1_8' title='bbox 936 478 1039 538; x_wconf 89' lang='lat' dir='ltr'>Athen</span> <span class='ocrx_word' id='word_1_9' title='bbox 1052 479 1130 556; x_wconf 86' lang='lat' dir='ltr'>galt,</span> <span class='ocrx_word' id='word_1_10' title='bbox 1154 479 1209 538; x_wconf 88' lang='lat' dir='ltr'>der</span> <span class='ocrx_word' id='word_1_11' title='bbox 1220 479 1293 554; x_wconf 92' lang='lat' dir='ltr'>poli·</span> 
     </span>
     <span class='ocr_line' id='line_1_3' title="bbox 226 559 1230 648; baseline 0 -20"><span class='ocrx_word' id='word_1_12' title='bbox 226 569 345 628; x_wconf 90' lang='lat' dir='ltr'>tischen</span> <span class='ocrx_word' id='word_1_13' title='bbox 367 568 522 644; x_wconf 80' lang='lat' dir='ltr'>Einigung</span> <span class='ocrx_word' id='word_1_14' title='bbox 545 569 691 628; x_wconf 88' lang='lat' dir='ltr'>attischer</span> <span class='ocrx_word' id='word_1_15' title='bbox 714 567 847 627; x_wconf 76' lang='lat' dir='ltr'>Stamme</span> <span class='ocrx_word' id='word_1_16' title='bbox 870 568 1060 644; x_wconf 84' lang='lat' dir='ltr'>gleichzeitig</span> <span class='ocrx_word' id='word_1_17' title='bbox 1083 559 1230 648; x_wconf 74' lang='lat' dir='ltr'>seyn“²³).</span> 
     </span>
    </p>

    <p class='ocr_par' dir='ltr' id='par_1_3' title="bbox 226 656 1301 3042">
     <span class='ocr_line' id='line_1_4' title="bbox 316 656 1294 733; baseline 0 -19"><span class='ocrx_word' id='word_1_18' title='bbox 316 656 376 716; x_wconf 81' lang='lat' dir='ltr'>Sed</span> <span class='ocrx_word' id='word_1_19' title='bbox 407 657 561 733; x_wconf 82' lang='lat' dir='ltr'><strong>pergimus</strong></span> <span class='ocrx_word' id='word_1_20' title='bbox 595 658 634 716; x_wconf 89' lang='lat' dir='ltr'>ad</span> <span class='ocrx_word' id='word_1_21' title='bbox 665 657 787 716; x_wconf 86' lang='lat' dir='ltr'>tertiam</span> <span class='ocrx_word' id='word_1_22' title='bbox 821 657 960 716; x_wconf 81' lang='lat' dir='ltr'><strong>carminis</strong></span> <span class='ocrx_word' id='word_1_23' title='bbox 993 656 1136 716; x_wconf 89' lang='lat' dir='ltr'>Hesiodei</span> <span class='ocrx_word' id='word_1_24' title='bbox 1167 659 1294 732; x_wconf 89' lang='lat' dir='ltr'>partam,</span> 
     </span>
     <span class='ocr_line' id='line_1_5' title="bbox 228 744 1297 822; baseline 0 -18"><span class='ocrx_word' id='word_1_25' title='bbox 228 765 319 822; x_wconf 90' lang='lat' dir='ltr'>quam</span> <span class='ocrx_word' id='word_1_26' title='bbox 338 745 399 804; x_wconf 85' lang='lat' dir='ltr'>dixi</span> <span class='ocrx_word' id='word_1_27' title='bbox 416 746 685 822; x_wconf 87' lang='lat' dir='ltr'>heroogoniam.</span> <span class='ocrx_word' id='word_1_28' title='bbox 724 744 849 804; x_wconf 90' lang='lat' dir='ltr'>Orditur</span> <span class='ocrx_word' id='word_1_29' title='bbox 868 765 904 805; x_wconf 91' lang='lat' dir='ltr'>ea</span> <span class='ocrx_word' id='word_1_30' title='bbox 921 764 1013 806; x_wconf 87' lang='lat' dir='ltr'>versu</span> <span class='ocrx_word' id='word_1_31' title='bbox 1033 747 1096 805; x_wconf 88' lang='lat'>963</span> <span class='ocrx_word' id='word_1_32' title='bbox 1115 764 1297 822; x_wconf 83' lang='lat' dir='ltr'>prorsusque</span> 
     </span>
     <span class='ocr_line' id='line_1_6' title="bbox 227 831 1297 910; baseline 0 -16"><span class='ocrx_word' id='word_1_33' title='bbox 227 835 347 895; x_wconf 86' lang='lat' dir='ltr'>diversa</span> <span class='ocrx_word' id='word_1_34' title='bbox 362 837 409 893; x_wconf 89' lang='lat' dir='ltr'>est</span> <span class='ocrx_word' id='word_1_35' title='bbox 423 835 461 892; x_wconf 92' lang='lat' dir='ltr'>ab</span> <span class='ocrx_word' id='word_1_36' title='bbox 477 853 513 893; x_wconf 90' lang='lat' dir='ltr'>ea</span> <span class='ocrx_word' id='word_1_37' title='bbox 525 835 652 894; x_wconf 90' lang='lat' dir='ltr'>heroum</span> <span class='ocrx_word' id='word_1_38' title='bbox 671 835 819 908; x_wconf 86' lang='lat' dir='ltr'>doctrina,</span> <span class='ocrx_word' id='word_1_39' title='bbox 838 853 929 910; x_wconf 91' lang='lat' dir='ltr'>quam</span> <span class='ocrx_word' id='word_1_40' title='bbox 942 835 1035 894; x_wconf 90' lang='lat' dir='ltr'>habes</span> <span class='ocrx_word' id='word_1_41' title='bbox 1051 831 1138 910; x_wconf 89' lang='lat' dir='ltr'>Oper.</span> <span class='ocrx_word' id='word_1_42' title='bbox 1156 837 1217 894; x_wconf 79' lang='lat'>159</span> <span class='ocrx_word' id='word_1_43' title='bbox 1235 853 1297 910; x_wconf 88' lang='lat' dir='ltr'>sqq.</span> 
     </span>
     <span class='ocr_line' id='line_1_7' title="bbox 226 923 1297 999; baseline -0.001 -17"><span class='ocrx_word' id='word_1_44' title='bbox 226 923 310 984; x_wconf 86' lang='lat' dir='ltr'>Haeo</span> <span class='ocrx_word' id='word_1_45' title='bbox 333 926 435 982; x_wconf 89' lang='lat' dir='ltr'>autem</span> <span class='ocrx_word' id='word_1_46' title='bbox 457 923 670 999; x_wconf 74' lang='lat' dir='ltr'>progrediente</span> <span class='ocrx_word' id='word_1_47' title='bbox 692 926 827 999; x_wconf 88' lang='lat' dir='ltr'>tempore</span> <span class='ocrx_word' id='word_1_48' title='bbox 845 925 958 983; x_wconf 90' lang='lat' dir='ltr'>multas</span> <span class='ocrx_word' id='word_1_49' title='bbox 976 923 1097 983; x_wconf 87' lang='lat' dir='ltr'>videtur</span> <span class='ocrx_word' id='word_1_50' title='bbox 1114 923 1297 982; x_wconf 89' lang='lat' dir='ltr'>mutationes</span> 
     </span>
     <span class='ocr_line' id='line_1_8' title="bbox 227 1011 1297 1089; baseline -0.002 -17"><span class='ocrx_word' id='word_1_51' title='bbox 227 1015 258 1072; x_wconf 91' lang='lat' dir='ltr'>et</span> <span class='ocrx_word' id='word_1_52' title='bbox 281 1012 485 1072; x_wconf 89' lang='lat' dir='ltr'>additamenta</span> <span class='ocrx_word' id='word_1_53' title='bbox 507 1012 552 1071; x_wconf 91' lang='lat' dir='ltr'>ita</span> <span class='ocrx_word' id='word_1_54' title='bbox 575 1015 699 1089; x_wconf 81' lang='lat' dir='ltr'>experta</span> <span class='ocrx_word' id='word_1_55' title='bbox 722 1031 801 1086; x_wconf 87' lang='lat' dir='ltr'>esse,</span> <span class='ocrx_word' id='word_1_56' title='bbox 825 1012 950 1088; x_wconf 90' lang='lat' dir='ltr'>utquid</span> <span class='ocrx_word' id='word_1_57' title='bbox 970 1012 1201 1087; x_wconf 87' lang='lat' dir='ltr'>antiquumsit,</span> <span class='ocrx_word' id='word_1_58' title='bbox 1224 1011 1297 1086; x_wconf 91' lang='lat' dir='ltr'>quid</span> 
     </span>
     <span class='ocr_line' id='line_1_9' title="bbox 226 1100 1298 1178; baseline -0.004 -17"><span class='ocrx_word' id='word_1_59' title='bbox 226 1101 393 1174; x_wconf 87' lang='lat' dir='ltr'>recentius,</span> <span class='ocrx_word' id='word_1_60' title='bbox 422 1120 482 1161; x_wconf 90' lang='lat' dir='ltr'>non</span> <span class='ocrx_word' id='word_1_61' title='bbox 508 1100 596 1160; x_wconf 84' lang='lat' dir='ltr'>facile</span> <span class='ocrx_word' id='word_1_62' title='bbox 625 1101 665 1160; x_wconf 88' lang='lat' dir='ltr'>sit</span> <span class='ocrx_word' id='word_1_63' title='bbox 686 1105 861 1176; x_wconf 86' lang='lat' dir='ltr'>perspectu,</span> <span class='ocrx_word' id='word_1_64' title='bbox 890 1119 1062 1178; x_wconf 79' lang='lat' dir='ltr'><strong>quanquam</strong></span> <span class='ocrx_word' id='word_1_65' title='bbox 1085 1101 1178 1160; x_wconf 89' lang='lat' dir='ltr'>etiam</span> <span class='ocrx_word' id='word_1_66' title='bbox 1199 1103 1298 1160; x_wconf 89' lang='lat' dir='ltr'>totum</span> 
     </span>
     <span class='ocr_line' id='line_1_10' title="bbox 227 1189 1299 1266; baseline -0.001 -17"><span class='ocrx_word' id='word_1_67' title='bbox 227 1190 428 1266; x_wconf 84' lang='lat' dir='ltr'>heroogoniae</span> <span class='ocrx_word' id='word_1_68' title='bbox 452 1190 644 1266; x_wconf 77' lang='lat' dir='ltr'>appendicem</span> <span class='ocrx_word' id='word_1_69' title='bbox 670 1189 862 1266; x_wconf 88' lang='lat' dir='ltr'>Theogoniae</span> <span class='ocrx_word' id='word_1_70' title='bbox 893 1190 1019 1249; x_wconf 76' lang='lat' dir='ltr'>carmini</span> <span class='ocrx_word' id='word_1_71' title='bbox 1042 1189 1202 1264; x_wconf 78' lang='lat' dir='ltr'>posteriori</span> <span class='ocrx_word' id='word_1_72' title='bbox 1224 1192 1299 1248; x_wconf 90' lang='lat' dir='ltr'>tem·</span> 
     </span>
     <span class='ocr_line' id='line_1_11' title="bbox 226 1278 1297 1355; baseline -0.002 -17"><span class='ocrx_word' id='word_1_73' title='bbox 226 1299 298 1355; x_wconf 83' lang='lat' dir='ltr'>pore</span> <span class='ocrx_word' id='word_1_74' title='bbox 317 1279 468 1338; x_wconf 86' lang='lat' dir='ltr'>adiectum</span> <span class='ocrx_word' id='word_1_75' title='bbox 487 1297 553 1338; x_wconf 91' lang='lat' dir='ltr'>esse</span> <span class='ocrx_word' id='word_1_76' title='bbox 571 1278 636 1338; x_wconf 89' lang='lat' dir='ltr'>veri</span> <span class='ocrx_word' id='word_1_77' title='bbox 654 1297 714 1338; x_wconf 89' lang='lat' dir='ltr'>non</span> <span class='ocrx_word' id='word_1_78' title='bbox 733 1278 878 1338; x_wconf 84' lang='lat' dir='ltr'>dissimile</span> <span class='ocrx_word' id='word_1_79' title='bbox 898 1281 952 1338; x_wconf 88' lang='lat' dir='ltr'>est.</span> <span class='ocrx_word' id='word_1_80' title='bbox 990 1279 1075 1337; x_wconf 76' lang='lat' dir='ltr'>Facti</span> <span class='ocrx_word' id='word_1_81' title='bbox 1089 1278 1169 1337; x_wconf 90' lang='lat' dir='ltr'>enim</span> <span class='ocrx_word' id='word_1_82' title='bbox 1182 1279 1297 1354; x_wconf 87' lang='lat' dir='ltr'>heroes,</span> 
     </span>
     <span class='ocr_line' id='line_1_12' title="bbox 227 1366 1297 1443; baseline -0.002 -17"><span class='ocrx_word' id='word_1_83' title='bbox 227 1371 262 1426; x_wconf 91' lang='lat' dir='ltr'>ut</span> <span class='ocrx_word' id='word_1_84' title='bbox 284 1369 334 1427; x_wconf 86' lang='lat' dir='ltr'>vel</span> <span class='ocrx_word' id='word_1_85' title='bbox 356 1368 501 1427; x_wconf 86' lang='lat' dir='ltr'>historica</span> <span class='ocrx_word' id='word_1_86' title='bbox 525 1366 707 1427; x_wconf 83' lang='lat' dir='ltr'>Graecorum</span> <span class='ocrx_word' id='word_1_87' title='bbox 725 1370 825 1427; x_wconf 89' lang='lat' dir='ltr'>aetate</span> <span class='ocrx_word' id='word_1_88' title='bbox 844 1367 1085 1443; x_wconf 73' lang='lat' dir='ltr'>agnoscebantur</span> <span class='ocrx_word' id='word_1_89' title='bbox 1100 1399 1141 1408; x_wconf 92' lang='lat'>-</span> <span class='ocrx_word' id='word_1_90' title='bbox 1157 1366 1297 1426; x_wconf 90' lang='lat' dir='ltr'>ultimum</span> 
     </span>
     <span class='ocr_line' id='line_1_13' title="bbox 227 1455 1297 1533; baseline -0.001 -18"><span class='ocrx_word' id='word_1_91' title='bbox 227 1457 307 1516; x_wconf 88' lang='lat' dir='ltr'>onim</span> <span class='ocrx_word' id='word_1_92' title='bbox 339 1457 465 1517; x_wconf 90' lang='lat' dir='ltr'>heroum</span> <span class='ocrx_word' id='word_1_93' title='bbox 498 1455 687 1516; x_wconf 77' lang='lat' dir='ltr'>Cleomedem</span> <span class='ocrx_word' id='word_1_94' title='bbox 718 1456 991 1533; x_wconf 86' lang='lat' dir='ltr'>Astypalaeensem</span> <span class='ocrx_word' id='word_1_95' title='bbox 1027 1456 1200 1514; x_wconf 90' lang='lat' dir='ltr'>habendum</span> <span class='ocrx_word' id='word_1_96' title='bbox 1232 1473 1297 1515; x_wconf 86' lang='lat' dir='ltr'>osse</span> 
     </span>
     <span class='ocr_line' id='line_1_14' title="bbox 226 1535 1298 1625; baseline -0.003 -21"><span class='ocrx_word' id='word_1_97' title='bbox 226 1544 346 1621; x_wconf 85' lang='lat' dir='ltr'>publice</span> <span class='ocrx_word' id='word_1_98' title='bbox 369 1546 523 1605; x_wconf 88' lang='lat' dir='ltr'>oraculum</span> <span class='ocrx_word' id='word_1_99' title='bbox 545 1545 722 1622; x_wconf 87' lang='lat' dir='ltr'>Delphicum</span> <span class='ocrx_word' id='word_1_100' title='bbox 751 1544 957 1605; x_wconf 76' lang='lat' dir='ltr'>declaraverat</span> <span class='ocrx_word' id='word_1_101' title='bbox 986 1543 1033 1604; x_wconf 91' lang='lat'>01.</span> <span class='ocrx_word' id='word_1_102' title='bbox 1056 1543 1162 1605; x_wconf 85' lang='lat' dir='ltr'>LXXI.</span> <span class='ocrx_word' id='word_1_103' title='bbox 1190 1535 1298 1625; x_wconf 88' lang='lat' dir='ltr'>(Plut.</span> 
     </span>
     <span class='ocr_line' id='line_1_15' title="bbox 227 1629 1298 1712; baseline -0.002 -20"><span class='ocrx_word' id='word_1_104' title='bbox 227 1635 311 1694; x_wconf 83' lang='lat' dir='ltr'>Rom.</span> <span class='ocrx_word' id='word_1_105' title='bbox 337 1637 387 1694; x_wconf 82' lang='lat'>28.</span> <span class='ocrx_word' id='word_1_106' title='bbox 423 1635 577 1694; x_wconf 87' lang='lat' dir='ltr'>Pausan.</span> <span class='ocrx_word' id='word_1_107' title='bbox 601 1634 655 1708; x_wconf 89' lang='lat' dir='ltr'>VI,</span> <span class='ocrx_word' id='word_1_108' title='bbox 676 1637 704 1708; x_wconf 87' lang='lat'>9,</span> <span class='ocrx_word' id='word_1_109' title='bbox 725 1629 759 1712; x_wconf 84' lang='lat'>3)</span> <span class='ocrx_word' id='word_1_110' title='bbox 783 1635 893 1693; x_wconf 83' lang='lat' dir='ltr'>-ita</span> <span class='ocrx_word' id='word_1_111' title='bbox 916 1633 1008 1693; x_wconf 89' lang='lat' dir='ltr'>etiam</span> <span class='ocrx_word' id='word_1_112' title='bbox 1029 1633 1061 1692; x_wconf 91' lang='lat' dir='ltr'>in</span> <span class='ocrx_word' id='word_1_113' title='bbox 1084 1633 1298 1709; x_wconf 86' lang='lat' dir='ltr'>heroogoniam</span> 
     </span>
     <span class='ocr_line' id='line_1_16' title="bbox 228 1722 1297 1799; baseline 0.001 -19"><span class='ocrx_word' id='word_1_114' title='bbox 228 1723 317 1782; x_wconf 90' lang='lat' dir='ltr'>relati</span> <span class='ocrx_word' id='word_1_115' title='bbox 340 1723 410 1781; x_wconf 89' lang='lat' dir='ltr'>olim</span> <span class='ocrx_word' id='word_1_116' title='bbox 433 1723 587 1796; x_wconf 81' lang='lat' dir='ltr'>videntur,</span> <span class='ocrx_word' id='word_1_117' title='bbox 611 1724 861 1799; x_wconf 90' lang='lat' dir='ltr'>quemadmodum</span> <span class='ocrx_word' id='word_1_118' title='bbox 884 1724 941 1783; x_wconf 90' lang='lat' dir='ltr'>hoe</span> <span class='ocrx_word' id='word_1_119' title='bbox 963 1723 1029 1781; x_wconf 91' lang='lat' dir='ltr'>fieri</span> <span class='ocrx_word' id='word_1_120' title='bbox 1053 1722 1169 1782; x_wconf 88' lang='lat' dir='ltr'>solebat</span> <span class='ocrx_word' id='word_1_121' title='bbox 1192 1722 1225 1780; x_wconf 90' lang='lat' dir='ltr'>in</span> <span class='ocrx_word' id='word_1_122' title='bbox 1242 1722 1297 1781; x_wconf 81' lang='lat' dir='ltr'>ao-</span> 
     </span>
     <span class='ocr_line' id='line_1_17' title="bbox 228 1805 1297 1887; baseline -0.001 -17"><span class='ocrx_word' id='word_1_123' title='bbox 228 1805 384 1870; x_wconf 85' lang='lat' dir='ltr'>manorum</span> <span class='ocrx_word' id='word_1_124' title='bbox 412 1812 575 1886; x_wconf 84' lang='lat' dir='ltr'>theogonia</span> <span class='ocrx_word' id='word_1_125' title='bbox 602 1812 741 1870; x_wconf 87' lang='lat' dir='ltr'>carminis</span> <span class='ocrx_word' id='word_1_126' title='bbox 765 1811 905 1886; x_wconf 86' lang='lat' dir='ltr'>Saliaris,</span> <span class='ocrx_word' id='word_1_127' title='bbox 933 1811 982 1870; x_wconf 90' lang='lat' dir='ltr'>eui</span> <span class='ocrx_word' id='word_1_128' title='bbox 1003 1810 1178 1887; x_wconf 87' lang='lat' dir='ltr'>Augustum</span> <span class='ocrx_word' id='word_1_129' title='bbox 1201 1811 1297 1886; x_wconf 88' lang='lat' dir='ltr'>Impe-</span> 
     </span>
     <span class='ocr_line' id='line_1_18' title="bbox 227 1897 1297 1975; baseline 0.001 -18"><span class='ocrx_word' id='word_1_130' title='bbox 227 1903 369 1974; x_wconf 87' lang='lat' dir='ltr'>ratorem,</span> <span class='ocrx_word' id='word_1_131' title='bbox 385 1897 610 1972; x_wconf 84' lang='lat' dir='ltr'>Germanicum,</span> <span class='ocrx_word' id='word_1_132' title='bbox 624 1900 700 1960; x_wconf 90' lang='lat' dir='ltr'>alios</span> <span class='ocrx_word' id='word_1_133' title='bbox 715 1899 833 1961; x_wconf 87' lang='lat' dir='ltr'>additos</span> <span class='ocrx_word' id='word_1_134' title='bbox 848 1901 942 1960; x_wconf 83' lang='lat' dir='ltr'>fuisse</span> <span class='ocrx_word' id='word_1_135' title='bbox 957 1903 1082 1960; x_wconf 87' lang='lat' dir='ltr'>constat.</span> <span class='ocrx_word' id='word_1_136' title='bbox 1114 1898 1160 1958; x_wconf 89' lang='lat' dir='ltr'>Ac</span> <span class='ocrx_word' id='word_1_137' title='bbox 1173 1917 1297 1975; x_wconf 86' lang='lat' dir='ltr'>prorsus</span> 
     </span>
     <span class='ocr_line' id='line_1_19' title="bbox 227 1986 1298 2062; baseline 0 -16"><span class='ocrx_word' id='word_1_138' title='bbox 227 1987 308 2046; x_wconf 91' lang='lat' dir='ltr'>idem</span> <span class='ocrx_word' id='word_1_139' title='bbox 330 1987 444 2046; x_wconf 85' lang='lat' dir='ltr'>factum</span> <span class='ocrx_word' id='word_1_140' title='bbox 467 1988 547 2062; x_wconf 90' lang='lat' dir='ltr'>apud</span> <span class='ocrx_word' id='word_1_141' title='bbox 568 1986 696 2048; x_wconf 83' lang='lat' dir='ltr'>Graecos</span> <span class='ocrx_word' id='word_1_142' title='bbox 721 2007 787 2048; x_wconf 88' lang='lat' dir='ltr'>esse</span> <span class='ocrx_word' id='word_1_143' title='bbox 810 1989 1090 2048; x_wconf 88' lang='lat' dir='ltr'>Panathenaeorum</span> <span class='ocrx_word' id='word_1_144' title='bbox 1113 1987 1226 2048; x_wconf 84' lang='lat' dir='ltr'>festum</span> <span class='ocrx_word' id='word_1_145' title='bbox 1249 1987 1298 2046; x_wconf 92' lang='lat' dir='ltr'>de-</span> 
     </span>
     <span class='ocr_line' id='line_1_20' title="bbox 228 2075 1299 2152; baseline 0 -18"><span class='ocrx_word' id='word_1_146' title='bbox 228 2078 384 2135; x_wconf 86' lang='lat' dir='ltr'>monstrat.</span> <span class='ocrx_word' id='word_1_147' title='bbox 430 2075 523 2152; x_wconf 90' lang='lat' dir='ltr'>Peplo</span> <span class='ocrx_word' id='word_1_148' title='bbox 552 2075 723 2152; x_wconf 70' lang='lat' dir='ltr'>enim„qui</span> <span class='ocrx_word' id='word_1_149' title='bbox 750 2097 811 2136; x_wconf 90' lang='lat' dir='ltr'>una</span> <span class='ocrx_word' id='word_1_150' title='bbox 839 2097 905 2137; x_wconf 91' lang='lat' dir='ltr'>oum</span> <span class='ocrx_word' id='word_1_151' title='bbox 934 2077 1006 2137; x_wconf 84' lang='lat' dir='ltr'>nari</span> <span class='ocrx_word' id='word_1_152' title='bbox 1033 2077 1238 2136; x_wconf 89' lang='lat' dir='ltr'>adducebatur</span> <span class='ocrx_word' id='word_1_153' title='bbox 1268 2077 1299 2134; x_wconf 90' lang='lat' dir='ltr'>in</span> 
     </span>
     <span class='ocr_line' id='line_1_21' title="bbox 228 2164 1300 2244; baseline 0.002 -22"><span class='ocrx_word' id='word_1_154' title='bbox 228 2183 340 2235; x_wconf 87' lang='lat' dir='ltr'>arcem,</span> <span class='ocrx_word' id='word_1_155' title='bbox 362 2165 509 2224; x_wconf 84' lang='lat' dir='ltr'>intextam</span> <span class='ocrx_word' id='word_1_156' title='bbox 531 2165 625 2225; x_wconf 82' lang='lat' dir='ltr'>fnisse</span> <span class='ocrx_word' id='word_1_157' title='bbox 646 2168 743 2225; x_wconf 89' lang='lat' dir='ltr'>totam</span> <span class='ocrx_word' id='word_1_158' title='bbox 761 2166 982 2244; x_wconf 83' lang='lat' dir='ltr'>mythologiam</span> <span class='ocrx_word' id='word_1_159' title='bbox 1003 2164 1186 2225; x_wconf 81' lang='lat' dir='ltr'>Graecorum</span> <span class='ocrx_word' id='word_1_160' title='bbox 1210 2167 1300 2241; x_wconf 85' lang='lat' dir='ltr'>atque</span> 
     </span>
     <span class='ocr_line' id='line_1_22' title="bbox 229 2252 1299 2330; baseline 0.002 -20"><span class='ocrx_word' id='word_1_161' title='bbox 229 2252 376 2328; x_wconf 90' lang='lat' dir='ltr'>imprimis</span> <span class='ocrx_word' id='word_1_162' title='bbox 397 2272 462 2312; x_wconf 91' lang='lat' dir='ltr'>eam</span> <span class='ocrx_word' id='word_1_163' title='bbox 481 2253 546 2312; x_wconf 83' lang='lat' dir='ltr'>eius</span> <span class='ocrx_word' id='word_1_164' title='bbox 565 2257 695 2330; x_wconf 89' lang='lat' dir='ltr'>partem,</span> <span class='ocrx_word' id='word_1_165' title='bbox 714 2273 791 2330; x_wconf 90' lang='lat' dir='ltr'>quae</span> <span class='ocrx_word' id='word_1_166' title='bbox 811 2254 968 2330; x_wconf 88' lang='lat' dir='ltr'>antiquum</span> <span class='ocrx_word' id='word_1_167' title='bbox 983 2255 1125 2314; x_wconf 87' lang='lat' dir='ltr'>Titanum</span> <span class='ocrx_word' id='word_1_168' title='bbox 1139 2254 1299 2330; x_wconf 89' lang='lat' dir='ltr'>imperium</span> 
     </span>
     <span class='ocr_line' id='line_1_23' title="bbox 228 2341 1298 2418; baseline 0.001 -18"><span class='ocrx_word' id='word_1_169' title='bbox 228 2361 306 2401; x_wconf 82' lang='lat' dir='ltr'>novo</span> <span class='ocrx_word' id='word_1_170' title='bbox 338 2341 464 2418; x_wconf 83' lang='lat' dir='ltr'>impeu&#39;o</span> <span class='ocrx_word' id='word_1_171' title='bbox 491 2341 572 2402; x_wconf 84' lang='lat' dir='ltr'>Iovis</span> <span class='ocrx_word' id='word_1_172' title='bbox 604 2347 636 2402; x_wconf 88' lang='lat' dir='ltr'>et</span> <span class='ocrx_word' id='word_1_173' title='bbox 662 2343 816 2403; x_wconf 83' lang='lat' dir='ltr'>Minervae</span> <span class='ocrx_word' id='word_1_174' title='bbox 849 2347 970 2402; x_wconf 86' lang='lat' dir='ltr'>exutum</span> <span class='ocrx_word' id='word_1_175' title='bbox 1004 2363 1070 2403; x_wconf 90' lang='lat' dir='ltr'>esse</span> <span class='ocrx_word' id='word_1_176' title='bbox 1102 2343 1298 2416; x_wconf 84' lang='lat' dir='ltr'>monstrabat,</span> 
     </span>
     <span class='ocr_line' id='line_1_24' title="bbox 229 2430 1299 2509; baseline 0.001 -20"><span class='ocrx_word' id='word_1_177' title='bbox 229 2431 295 2506; x_wconf 89' lang='lat' dir='ltr'>quis</span> <span class='ocrx_word' id='word_1_178' title='bbox 328 2430 445 2490; x_wconf 77' lang='lat' dir='ltr'>nescit?</span> <span class='ocrx_word' id='word_1_179' title='bbox 492 2431 552 2491; x_wconf 82' lang='lat' dir='ltr'>Sed</span> <span class='ocrx_word' id='word_1_180' title='bbox 582 2435 705 2508; x_wconf 88' lang='lat' dir='ltr'>praeter</span> <span class='ocrx_word' id='word_1_181' title='bbox 734 2432 929 2509; x_wconf 83' lang='lat' dir='ltr'>theogeniam</span> <span class='ocrx_word' id='word_1_182' title='bbox 961 2432 1053 2491; x_wconf 87' lang='lat' dir='ltr'>etiam</span> <span class='ocrx_word' id='word_1_183' title='bbox 1084 2433 1299 2508; x_wconf 86' lang='lat' dir='ltr'>heroogoniam</span> 
     </span>
     <span class='ocr_line' id='line_1_25' title="bbox 228 2519 1301 2597; baseline 0 -20"><span class='ocrx_word' id='word_1_184' title='bbox 228 2520 340 2596; x_wconf 88' lang='lat' dir='ltr'>pictam</span> <span class='ocrx_word' id='word_1_185' title='bbox 368 2519 461 2578; x_wconf 87' lang='lat' dir='ltr'>fuisse</span> <span class='ocrx_word' id='word_1_186' title='bbox 489 2539 543 2596; x_wconf 89' lang='lat' dir='ltr'>par</span> <span class='ocrx_word' id='word_1_187' title='bbox 571 2540 603 2580; x_wconf 88' lang='lat' dir='ltr'>se</span> <span class='ocrx_word' id='word_1_188' title='bbox 631 2522 678 2579; x_wconf 93' lang='lat' dir='ltr'>est</span> <span class='ocrx_word' id='word_1_189' title='bbox 704 2521 861 2597; x_wconf 89' lang='lat' dir='ltr'>probabile</span> <span class='ocrx_word' id='word_1_190' title='bbox 891 2523 922 2580; x_wconf 92' lang='lat' dir='ltr'>et</span> <span class='ocrx_word' id='word_1_191' title='bbox 944 2521 1114 2580; x_wconf 87' lang='lat' dir='ltr'>ostenditur</span> <span class='ocrx_word' id='word_1_192' title='bbox 1142 2539 1190 2594; x_wconf 91' lang='lat' dir='ltr'>eo,</span> <span class='ocrx_word' id='word_1_193' title='bbox 1220 2520 1301 2596; x_wconf 93' lang='lat' dir='ltr'>qnod</span> 
     </span>
     <span class='ocr_line' id='line_1_26' title="bbox 229 2608 1300 2686; baseline 0.002 -20"><span class='ocrx_word' id='word_1_194' title='bbox 229 2608 401 2667; x_wconf 91' lang='lat' dir='ltr'>Demetrius</span> <span class='ocrx_word' id='word_1_195' title='bbox 434 2609 509 2669; x_wconf 90' lang='lat' dir='ltr'>adeo</span> <span class='ocrx_word' id='word_1_196' title='bbox 542 2613 573 2668; x_wconf 86' lang='lat' dir='ltr'>et</span> <span class='ocrx_word' id='word_1_197' title='bbox 604 2610 792 2686; x_wconf 86' lang='lat' dir='ltr'>Antigonus,</span> <span class='ocrx_word' id='word_1_198' title='bbox 824 2610 932 2685; x_wconf 90' lang='lat' dir='ltr'>quibus</span> <span class='ocrx_word' id='word_1_199' title='bbox 965 2613 1000 2668; x_wconf 89' lang='lat' dir='ltr'>ut</span> <span class='ocrx_word' id='word_1_200' title='bbox 1032 2609 1173 2669; x_wconf 91' lang='lat' dir='ltr'>heroibus</span> <span class='ocrx_word' id='word_1_201' title='bbox 1202 2610 1300 2668; x_wconf 84' lang='lat' dir='ltr'>tribus</span> 
     </span>
     <span class='ocr_line' id='line_1_27' title="bbox 229 2698 1301 2774; baseline 0.001 -20"><span class='ocrx_word' id='word_1_202' title='bbox 229 2715 322 2756; x_wconf 86' lang='lat' dir='ltr'>novas</span> <span class='ocrx_word' id='word_1_203' title='bbox 346 2699 592 2756; x_wconf 88' lang='lat' dir='ltr'>consecraverant</span> <span class='ocrx_word' id='word_1_204' title='bbox 605 2698 820 2772; x_wconf 84' lang='lat' dir='ltr'>Athenienses,</span> <span class='ocrx_word' id='word_1_205' title='bbox 842 2699 941 2758; x_wconf 90' lang='lat' dir='ltr'>locum</span> <span class='ocrx_word' id='word_1_206' title='bbox 958 2699 990 2757; x_wconf 91' lang='lat' dir='ltr'>in</span> <span class='ocrx_word' id='word_1_207' title='bbox 1009 2699 1101 2774; x_wconf 91' lang='lat' dir='ltr'>Peplo</span> <span class='ocrx_word' id='word_1_208' title='bbox 1119 2698 1301 2757; x_wconf 85' lang='lat' dir='ltr'>invenerunt</span> 
     </span>
     <span class='ocr_line' id='line_1_28' title="bbox 230 2779 1300 2867; baseline 0 -24"><span class='ocrx_word' id='word_1_209' title='bbox 230 2804 317 2844; x_wconf 91' lang='lat' dir='ltr'>suum</span> <span class='ocrx_word' id='word_1_210' title='bbox 342 2779 540 2864; x_wconf 82' lang='lat' dir='ltr'>(Plutarch.</span> <span class='ocrx_word' id='word_1_211' title='bbox 563 2786 697 2847; x_wconf 89' lang='lat' dir='ltr'>Demetr.</span> <span class='ocrx_word' id='word_1_212' title='bbox 723 2779 788 2867; x_wconf 91' lang='lat'>11).</span> <span class='ocrx_word' id='word_1_213' title='bbox 830 2786 888 2846; x_wconf 84' lang='lat' dir='ltr'>Sed</span> <span class='ocrx_word' id='word_1_214' title='bbox 912 2787 986 2847; x_wconf 89' lang='lat' dir='ltr'>alios</span> <span class='ocrx_word' id='word_1_215' title='bbox 1011 2788 1103 2846; x_wconf 90' lang='lat' dir='ltr'>etiam</span> <span class='ocrx_word' id='word_1_216' title='bbox 1125 2804 1180 2844; x_wconf 88' lang='lat' dir='ltr'>acu</span> <span class='ocrx_word' id='word_1_217' title='bbox 1203 2785 1300 2860; x_wconf 88' lang='lat' dir='ltr'>pictos</span> 
     </span>
     <span class='ocr_line' id='line_1_29' title="bbox 228 2873 1300 2952; baseline 0.003 -21"><span class='ocrx_word' id='word_1_218' title='bbox 228 2873 323 2933; x_wconf 87' lang='lat' dir='ltr'>fuisse</span> <span class='ocrx_word' id='word_1_219' title='bbox 337 2874 447 2933; x_wconf 88' lang='lat' dir='ltr'>heroas</span> <span class='ocrx_word' id='word_1_220' title='bbox 459 2875 567 2949; x_wconf 88' lang='lat' dir='ltr'>probat</span> <span class='ocrx_word' id='word_1_221' title='bbox 580 2874 792 2952; x_wconf 87' lang='lat' dir='ltr'>Aristophanis</span> <span class='ocrx_word' id='word_1_222' title='bbox 806 2876 890 2935; x_wconf 89' lang='lat' dir='ltr'>loeus</span> <span class='ocrx_word' id='word_1_223' title='bbox 905 2876 1006 2952; x_wconf 84' lang='lat' dir='ltr'>Equit.</span> <span class='ocrx_word' id='word_1_224' title='bbox 1022 2878 1094 2936; x_wconf 84' lang='grc'><strong>566.</strong></span> <span class='ocrx_word' id='word_1_225' title='bbox 1125 2874 1163 2935; x_wconf 86' lang='lat' dir='ltr'>V.</span> <span class='ocrx_word' id='word_1_226' title='bbox 1178 2874 1300 2934; x_wconf 84' lang='lat' dir='ltr'>Maior.</span> 
     </span>
     <span class='ocr_line' id='line_1_30' title="bbox 229 2961 751 3042; baseline 0.004 -20"><span class='ocrx_word' id='word_1_227' title='bbox 229 2982 257 3022; x_wconf 88' lang='lat' dir='ltr'>v.</span> <span class='ocrx_word' id='word_1_228' title='bbox 279 2961 558 3042; x_wconf 86' lang='lat' dir='ltr'>„Panathenasen“</span> <span class='ocrx_word' id='word_1_229' title='bbox 579 2963 751 3040; x_wconf 82' lang='lat' dir='ltr'>inEnoyel.</span> 
     </span>
    </p>

    <p class='ocr_par' dir='ltr' id='par_1_4' title="bbox 228 3051 1301 3839">
     <span class='ocr_line' id='line_1_31' title="bbox 318 3051 1299 3129; baseline 0.001 -18"><span class='ocrx_word' id='word_1_230' title='bbox 318 3052 459 3111; x_wconf 87' lang='lat' dir='ltr'>Nondum</span> <span class='ocrx_word' id='word_1_231' title='bbox 488 3051 615 3111; x_wconf 85' lang='lat' dir='ltr'>diximus</span> <span class='ocrx_word' id='word_1_232' title='bbox 644 3052 680 3112; x_wconf 91' lang='lat' dir='ltr'>de</span> <span class='ocrx_word' id='word_1_233' title='bbox 709 3054 875 3129; x_wconf 87' lang='lat' dir='ltr'>prooemio,</span> <span class='ocrx_word' id='word_1_234' title='bbox 899 3053 978 3129; x_wconf 92' lang='lat' dir='ltr'>quod</span> <span class='ocrx_word' id='word_1_235' title='bbox 1002 3053 1127 3113; x_wconf 89' lang='lat' dir='ltr'>carmini</span> <span class='ocrx_word' id='word_1_236' title='bbox 1150 3052 1299 3112; x_wconf 90' lang='lat' dir='ltr'>Hesiodeo</span> 
     </span>
     <span class='ocr_line' id='line_1_32' title="bbox 228 3140 1301 3218; baseline 0.001 -20"><span class='ocrx_word' id='word_1_237' title='bbox 228 3140 428 3215; x_wconf 88' lang='lat' dir='ltr'>praemissum</span> <span class='ocrx_word' id='word_1_238' title='bbox 457 3143 505 3200; x_wconf 89' lang='lat' dir='ltr'>est</span> <span class='ocrx_word' id='word_1_239' title='bbox 531 3160 550 3199; x_wconf 89' lang='lat' dir='ltr'>a</span> <span class='ocrx_word' id='word_1_240' title='bbox 572 3161 600 3201; x_wconf 85' lang='lat' dir='ltr'>v.</span> <span class='ocrx_word' id='word_1_241' title='bbox 630 3145 770 3202; x_wconf 81' lang='lat'>1-115.</span> <span class='ocrx_word' id='word_1_242' title='bbox 815 3142 881 3202; x_wconf 91' lang='lat' dir='ltr'>Hoc</span> <span class='ocrx_word' id='word_1_243' title='bbox 909 3145 1012 3201; x_wconf 89' lang='lat' dir='ltr'>autom</span> <span class='ocrx_word' id='word_1_244' title='bbox 1040 3162 1107 3202; x_wconf 90' lang='lat' dir='ltr'>enm</span> <span class='ocrx_word' id='word_1_245' title='bbox 1135 3142 1203 3218; x_wconf 89' lang='lat' dir='ltr'>ipsa</span> <span class='ocrx_word' id='word_1_246' title='bbox 1225 3141 1301 3200; x_wconf 88' lang='lat' dir='ltr'>indi-</span> 
     </span>
     <span class='ocr_line' id='line_1_33' title="bbox 230 3228 1300 3305; baseline 0.004 -19"><span class='ocrx_word' id='word_1_247' title='bbox 230 3228 346 3288; x_wconf 90' lang='lat' dir='ltr'>catione</span> <span class='ocrx_word' id='word_1_248' title='bbox 364 3229 495 3289; x_wconf 89' lang='lat' dir='ltr'>auetoris</span> <span class='ocrx_word' id='word_1_249' title='bbox 515 3230 654 3289; x_wconf 88' lang='lat' dir='ltr'>carminis</span> <span class='ocrx_word' id='word_1_250' title='bbox 672 3250 733 3290; x_wconf 94' lang='lat' dir='ltr'>non</span> <span class='ocrx_word' id='word_1_251' title='bbox 751 3231 910 3291; x_wconf 83' lang='lat' dir='ltr'>convenire</span> <span class='ocrx_word' id='word_1_252' title='bbox 928 3232 957 3290; x_wconf 90' lang='lat' dir='ltr'>ei</span> <span class='ocrx_word' id='word_1_253' title='bbox 974 3231 1055 3305; x_wconf 91' lang='lat' dir='ltr'>usui,</span> <span class='ocrx_word' id='word_1_254' title='bbox 1080 3231 1129 3290; x_wconf 93' lang='lat' dir='ltr'>oui</span> <span class='ocrx_word' id='word_1_255' title='bbox 1151 3231 1190 3290; x_wconf 89' lang='lat' dir='ltr'>ab</span> <span class='ocrx_word' id='word_1_256' title='bbox 1213 3229 1300 3290; x_wconf 92' lang='lat' dir='ltr'>initio</span> 
     </span>
     <span class='ocr_line' id='line_1_34' title="bbox 229 3316 1300 3396; baseline 0.003 -21"><span class='ocrx_word' id='word_1_257' title='bbox 229 3316 411 3376; x_wconf 85' lang='lat' dir='ltr'>destinatam</span> <span class='ocrx_word' id='word_1_258' title='bbox 435 3336 501 3378; x_wconf 89' lang='lat' dir='ltr'>esso</span> <span class='ocrx_word' id='word_1_259' title='bbox 524 3319 730 3395; x_wconf 82' lang='lat' dir='ltr'>Theogoniam</span> <span class='ocrx_word' id='word_1_260' title='bbox 754 3321 889 3396; x_wconf 78' lang='lat' dir='ltr'>exposui,</span> <span class='ocrx_word' id='word_1_261' title='bbox 914 3324 1021 3396; x_wconf 87' lang='lat' dir='ltr'>sponte</span> <span class='ocrx_word' id='word_1_262' title='bbox 1043 3323 1148 3396; x_wconf 88' lang='lat' dir='ltr'>patere</span> <span class='ocrx_word' id='word_1_263' title='bbox 1170 3318 1300 3379; x_wconf 81' lang='lat' dir='ltr'>videtur.</span> 
     </span>
     <span class='ocr_line' id='line_1_35' title="bbox 230 3404 1300 3484; baseline 0.003 -21"><span class='ocrx_word' id='word_1_264' title='bbox 230 3404 289 3464; x_wconf 85' lang='lat' dir='ltr'>Sed</span> <span class='ocrx_word' id='word_1_265' title='bbox 318 3406 467 3465; x_wconf 89' lang='lat' dir='ltr'>adiectum</span> <span class='ocrx_word' id='word_1_266' title='bbox 502 3409 550 3467; x_wconf 89' lang='lat' dir='ltr'>est</span> <span class='ocrx_word' id='word_1_267' title='bbox 581 3427 616 3467; x_wconf 89' lang='lat' dir='ltr'>eo</span> <span class='ocrx_word' id='word_1_268' title='bbox 648 3410 797 3484; x_wconf 89' lang='lat' dir='ltr'>tempore,</span> <span class='ocrx_word' id='word_1_269' title='bbox 830 3428 889 3484; x_wconf 94' lang='lat' dir='ltr'>quo</span> <span class='ocrx_word' id='word_1_270' title='bbox 916 3409 1003 3470; x_wconf 85' lang='lat' dir='ltr'>festis</span> <span class='ocrx_word' id='word_1_271' title='bbox 1032 3409 1137 3468; x_wconf 90' lang='lat' dir='ltr'>diebus</span> <span class='ocrx_word' id='word_1_272' title='bbox 1165 3408 1203 3466; x_wconf 91' lang='lat' dir='ltr'>ad</span> <span class='ocrx_word' id='word_1_273' title='bbox 1231 3426 1300 3467; x_wconf 91' lang='lat' dir='ltr'>aras</span> 
     </span>
     <span class='ocr_line' id='line_1_36' title="bbox 230 3493 1301 3574; baseline 0.003 -23"><span class='ocrx_word' id='word_1_274' title='bbox 230 3493 435 3571; x_wconf 75' lang='lat' dir='ltr'>Theogoniam</span> <span class='ocrx_word' id='word_1_275' title='bbox 454 3512 559 3556; x_wconf 90' lang='lat' dir='ltr'>canere</span> <span class='ocrx_word' id='word_1_276' title='bbox 582 3497 643 3555; x_wconf 89' lang='lat' dir='ltr'>iam</span> <span class='ocrx_word' id='word_1_277' title='bbox 662 3498 873 3571; x_wconf 78' lang='lat' dir='ltr'>desecuerant,</span> <span class='ocrx_word' id='word_1_278' title='bbox 897 3500 988 3574; x_wconf 90' lang='lat' dir='ltr'>atquo</span> <span class='ocrx_word' id='word_1_279' title='bbox 1007 3498 1157 3557; x_wconf 90' lang='lat' dir='ltr'>adiectum</span> <span class='ocrx_word' id='word_1_280' title='bbox 1181 3516 1251 3556; x_wconf 88' lang='lat' dir='ltr'>aum</span> <span class='ocrx_word' id='word_1_281' title='bbox 1268 3496 1301 3554; x_wconf 93' lang='lat' dir='ltr'>in</span> 
     </span>
     <span class='ocr_line' id='line_1_37' title="bbox 228 3581 1300 3661; baseline 0.004 -21"><span class='ocrx_word' id='word_1_282' title='bbox 228 3581 331 3658; x_wconf 80' lang='lat' dir='ltr'>tinem,</span> <span class='ocrx_word' id='word_1_283' title='bbox 355 3584 391 3641; x_wconf 88' lang='lat' dir='ltr'>ut</span> <span class='ocrx_word' id='word_1_284' title='bbox 412 3585 554 3644; x_wconf 86' lang='lat' dir='ltr'>tetricum</span> <span class='ocrx_word' id='word_1_285' title='bbox 576 3603 696 3644; x_wconf 86' lang='lat' dir='ltr'>carmen</span> <span class='ocrx_word' id='word_1_286' title='bbox 713 3605 859 3647; x_wconf 79' lang='lat' dir='ltr'>novorum</span> <span class='ocrx_word' id='word_1_287' title='bbox 878 3589 1122 3646; x_wconf 88' lang='lat' dir='ltr'>ornamentorum</span> <span class='ocrx_word' id='word_1_288' title='bbox 1140 3585 1300 3661; x_wconf 88' lang='lat' dir='ltr'>illecebris,</span> 
     </span>
     <span class='ocr_line' id='line_1_38' title="bbox 230 3673 1299 3752; baseline 0.003 -23"><span class='ocrx_word' id='word_1_289' title='bbox 230 3673 261 3730; x_wconf 89' lang='lat' dir='ltr'>et</span> <span class='ocrx_word' id='word_1_290' title='bbox 282 3673 382 3747; x_wconf 87' lang='lat' dir='ltr'>poesis</span> <span class='ocrx_word' id='word_1_291' title='bbox 404 3676 435 3732; x_wconf 91' lang='lat' dir='ltr'>et</span> <span class='ocrx_word' id='word_1_292' title='bbox 457 3673 602 3748; x_wconf 85' lang='lat' dir='ltr'>musicae,</span> <span class='ocrx_word' id='word_1_293' title='bbox 625 3675 760 3735; x_wconf 89' lang='lat' dir='ltr'>homines</span> <span class='ocrx_word' id='word_1_294' title='bbox 787 3675 923 3735; x_wconf 87' lang='lat' dir='ltr'>alliceret</span> <span class='ocrx_word' id='word_1_295' title='bbox 947 3675 978 3734; x_wconf 91' lang='lat' dir='ltr'>in</span> <span class='ocrx_word' id='word_1_296' title='bbox 1005 3675 1160 3752; x_wconf 88' lang='lat' dir='ltr'>agonibus.</span> <span class='ocrx_word' id='word_1_297' title='bbox 1198 3674 1299 3750; x_wconf 86' lang='lat' dir='ltr'>Atque</span> 
     </span>
     <span class='ocr_line' id='line_1_39' title="bbox 230 3758 1300 3839; baseline 0.005 -22"><span class='ocrx_word' id='word_1_298' title='bbox 230 3758 304 3818; x_wconf 90' lang='lat' dir='ltr'>haec</span> <span class='ocrx_word' id='word_1_299' title='bbox 323 3761 472 3820; x_wconf 90' lang='lat' dir='ltr'>sententia</span> <span class='ocrx_word' id='word_1_300' title='bbox 485 3762 523 3821; x_wconf 92' lang='lat' dir='ltr'>de</span> <span class='ocrx_word' id='word_1_301' title='bbox 537 3763 653 3823; x_wconf 90' lang='lat' dir='ltr'>adiecto</span> <span class='ocrx_word' id='word_1_302' title='bbox 671 3763 823 3839; x_wconf 88' lang='lat' dir='ltr'>prooemio</span> <span class='ocrx_word' id='word_1_303' title='bbox 843 3767 874 3823; x_wconf 87' lang='lat' dir='ltr'>et</span> <span class='ocrx_word' id='word_1_304' title='bbox 891 3763 1021 3824; x_wconf 88' lang='lat' dir='ltr'>indicato</span> <span class='ocrx_word' id='word_1_305' title='bbox 1035 3764 1155 3824; x_wconf 90' lang='lat' dir='ltr'>nomine</span> <span class='ocrx_word' id='word_1_306' title='bbox 1169 3763 1300 3823; x_wconf 90' lang='lat' dir='ltr'>auctoris</span> 
     </span>
    </p>
   </div>
   <div class='ocr_carea' id='block_1_3' title="bbox 230 3947 1302 4370">
    <p class='ocr_par' dir='ltr' id='par_1_5' title="bbox 230 3947 1302 4370">
     <span class='ocr_line' id='line_1_40' title="bbox 302 3947 1299 4019; baseline 0.003 -18"><span class='ocrx_word' id='word_1_307' title='bbox 302 3949 347 4017; x_wconf 77' lang='lat'>23)</span> <span class='ocrx_word' id='word_1_308' title='bbox 368 3947 450 4002; x_wconf 88' lang='lat' dir='ltr'>Nunc</span> <span class='ocrx_word' id='word_1_309' title='bbox 468 3949 503 4003; x_wconf 91' lang='lat' dir='ltr'>dc</span> <span class='ocrx_word' id='word_1_310' title='bbox 522 3949 621 4004; x_wconf 87' lang='lat' dir='ltr'>eadem</span> <span class='ocrx_word' id='word_1_311' title='bbox 639 3965 670 4005; x_wconf 91' lang='lat' dir='ltr'>re</span> <span class='ocrx_word' id='word_1_312' title='bbox 689 3950 834 4006; x_wconf 87' lang='lat' dir='ltr'>consulere</span> <span class='ocrx_word' id='word_1_313' title='bbox 852 3952 933 4019; x_wconf 86' lang='lat' dir='ltr'>potas</span> <span class='ocrx_word' id='word_1_314' title='bbox 953 3950 1195 4018; x_wconf 85' lang='lat' dir='ltr'>dissertationem,</span> <span class='ocrx_word' id='word_1_315' title='bbox 1213 3967 1299 4018; x_wconf 87' lang='lat' dir='ltr'>qnam</span> 
     </span>
     <span class='ocr_line' id='line_1_41' title="bbox 231 4017 1302 4092; baseline 0.005 -21"><span class='ocrx_word' id='word_1_316' title='bbox 231 4017 397 4073; x_wconf 85' lang='lat' dir='ltr'>Lehrsius</span> <span class='ocrx_word' id='word_1_317' title='bbox 415 4020 467 4074; x_wconf 88' lang='lat' dir='ltr'>sub</span> <span class='ocrx_word' id='word_1_318' title='bbox 485 4020 569 4075; x_wconf 89' lang='lat' dir='ltr'>titulo</span> <span class='ocrx_word' id='word_1_319' title='bbox 589 4021 657 4090; x_wconf 89' lang='lat' dir='ltr'>„das</span> <span class='ocrx_word' id='word_1_320' title='bbox 671 4023 844 4091; x_wconf 84' lang='lat' dir='ltr'>sogonannte</span> <span class='ocrx_word' id='word_1_321' title='bbox 859 4021 1165 4092; x_wconf 79' lang='lat' dir='ltr'>Zwolfgtttersystem“</span> <span class='ocrx_word' id='word_1_322' title='bbox 1183 4019 1302 4076; x_wconf 87' lang='lat' dir='ltr'>inseruit</span> 
     </span>
     <span class='ocr_line' id='line_1_42' title="bbox 231 4088 1298 4163; baseline 0.004 -21"><span class='ocrx_word' id='word_1_323' title='bbox 231 4088 315 4144; x_wconf 86' lang='lat' dir='ltr'>alteri</span> <span class='ocrx_word' id='word_1_324' title='bbox 336 4089 454 4146; x_wconf 88' lang='lat' dir='ltr'>editioni</span> <span class='ocrx_word' id='word_1_325' title='bbox 472 4090 635 4161; x_wconf 76' lang='lat' dir='ltr'>„Populare</span> <span class='ocrx_word' id='word_1_326' title='bbox 654 4093 807 4148; x_wconf 81' lang='lat' dir='ltr'>Aufsatze“</span> <span class='ocrx_word' id='word_1_327' title='bbox 826 4111 853 4162; x_wconf 90' lang='lat' dir='ltr'>p.</span> <span class='ocrx_word' id='word_1_328' title='bbox 875 4098 1026 4148; x_wconf 76' lang='lat' dir='ltr'>aaa-258.</span> <span class='ocrx_word' id='word_1_329' title='bbox 1064 4091 1189 4163; x_wconf 69' lang='lat' dir='ltr'>(Lipsiae</span> <span class='ocrx_word' id='word_1_330' title='bbox 1209 4095 1298 4161; x_wconf 74' lang='grc'>1876).</span> 
     </span>
     <span class='ocr_line' id='line_1_43' title="bbox 231 4159 1301 4235; baseline 0.003 -22"><span class='ocrx_word' id='word_1_331' title='bbox 231 4159 324 4214; x_wconf 90' lang='lat' dir='ltr'>Antea</span> <span class='ocrx_word' id='word_1_332' title='bbox 351 4161 523 4218; x_wconf 85' lang='lat' dir='ltr'>Potereen.</span> <span class='ocrx_word' id='word_1_333' title='bbox 552 4163 603 4217; x_wconf 86' lang='lat' dir='ltr'>das</span> <span class='ocrx_word' id='word_1_334' title='bbox 632 4163 922 4234; x_wconf 76' lang='lat' dir='ltr'>Zwolfgtttcrsystem</span> <span class='ocrx_word' id='word_1_335' title='bbox 949 4165 1107 4235; x_wconf 86' lang='lat' dir='ltr'>(Hamburg</span> <span class='ocrx_word' id='word_1_336' title='bbox 1135 4166 1214 4233; x_wconf 84' lang='lat'>1853)</span> <span class='ocrx_word' id='word_1_337' title='bbox 1240 4179 1301 4218; x_wconf 89' lang='lat' dir='ltr'>rem</span> 
     </span>
     <span class='ocr_line' id='line_1_44' title="bbox 230 4231 1301 4305; baseline 0.003 -20"><span class='ocrx_word' id='word_1_338' title='bbox 230 4231 372 4300; x_wconf 86' lang='lat' dir='ltr'>tetigerat.</span> <span class='ocrx_word' id='word_1_339' title='bbox 411 4231 452 4287; x_wconf 86' lang='lat' dir='ltr'>cf.</span> <span class='ocrx_word' id='word_1_340' title='bbox 476 4233 562 4287; x_wconf 84' lang='lat' dir='ltr'>etiam</span> <span class='ocrx_word' id='word_1_341' title='bbox 584 4234 735 4288; x_wconf 86' lang='lat' dir='ltr'>Pralleri</span> <span class='ocrx_word' id='word_1_342' title='bbox 759 4234 887 4290; x_wconf 90' lang='lat' dir='ltr'>libellum</span> <span class='ocrx_word' id='word_1_343' title='bbox 914 4237 1005 4305; x_wconf 88' lang='lat' dir='ltr'>„iiber</span> <span class='ocrx_word' id='word_1_344' title='bbox 1028 4237 1078 4291; x_wconf 89' lang='lat' dir='ltr'>dae</span> <span class='ocrx_word' id='word_1_345' title='bbox 1104 4233 1301 4303; x_wconf 77' lang='lat' dir='ltr'>delfgttter-</span> 
     </span>
     <span class='ocr_line' id='line_1_45' title="bbox 230 4303 919 4370; baseline 0.012 -15"><span class='ocrx_word' id='word_1_346' title='bbox 230 4305 336 4370; x_wconf 77' lang='lat' dir='ltr'>system</span> <span class='ocrx_word' id='word_1_347' title='bbox 355 4303 381 4357; x_wconf 90' lang='lat' dir='ltr'>d.</span> <span class='ocrx_word' id='word_1_348' title='bbox 401 4303 557 4358; x_wconf 84' lang='lat' dir='ltr'>Grieehen“</span> <span class='ocrx_word' id='word_1_349' title='bbox 575 4305 606 4360; x_wconf 92' lang='lat' dir='ltr'>in</span> <span class='ocrx_word' id='word_1_350' title='bbox 624 4305 684 4360; x_wconf 88' lang='lat' dir='ltr'>Ber.</span> <span class='ocrx_word' id='word_1_351' title='bbox 704 4305 729 4362; x_wconf 94' lang='lat' dir='ltr'>d.</span> <span class='ocrx_word' id='word_1_352' title='bbox 749 4305 821 4360; x_wconf 89' lang='lat' dir='ltr'>Phil.</span> <span class='ocrx_word' id='word_1_353' title='bbox 841 4312 919 4363; x_wconf 81' lang='grc'><strong>1846.</strong></span> 
     </span>
    </p>
   </div>
   <div class='ocr_carea' id='block_1_4' title="bbox 0 0 1457 4900">
    <p class='ocr_par' dir='ltr' id='par_1_6' title="bbox 0 0 1457 4900">
     <span class='ocr_line' id='line_1_46' title="bbox 0 0 1457 4900; baseline 0 0"><span class='ocrx_word' id='word_1_354' title='bbox 0 0 1457 4900; x_wconf 95' lang='lat' dir='ltr'> </span> 
     </span>
    </p>
   </div>
  </div>
 </body>
</html>
