2948 4896
668 295 865 351 ΘΕΟΓΟΝΙΑ.

236 447 296 515 τδν
320 447 382 536 μὲν
406 447 489 528 Ζεύς
513 446 648 535 στήριξε
667 446 749 515 κατά
772 412 900 536 χθονδς
923 445 1118 535 εὐρυοδείης

235 561 355 621 Πυθοῖ
376 556 413 621 ἐν
436 552 566 641 ἠγαθέη
589 553 728 639 γυάλοις
749 551 814 622 ὕπο
838 563 1035 640 Παρνησοῖο

234 657 314 748 σῆμ’
342 665 420 747 ἔμεν
444 662 600 746 ἐξοπίσω,
623 664 740 746 θαῦμα
763 669 919 746 θνητοῖσι
943 666 1104 746 βροτοῖσι.
1247 676 1300 727 οοο

323 770 429 850 [Λῦσε
453 764 491 833 δὲ
514 765 843 862 πατροκασιγνήτους
867 764 975 833 ὀλοῶν
999 764 1064 834 ἀπὸ
1089 769 1222 852 δεσμάν

233 870 441 959 Οὐρανίδας,
465 868 525 951 οὓς
548 875 629 959 δῆσε
652 870 760 959 πατὴρ
783 870 1084 960 ἀεσιφροσύνῃσιν·

232 981 269 1045 οἵ
291 981 326 1045 οἱ
346 975 589 1064 ἀπεμνήσαντο
607 978 706 1065 χάριν
729 977 966 1065 εύεργεσιάων,

236 1087 350 1150 δῶκαν
375 1081 412 1150 δὲ
435 1083 584 1170 βροντὴν
607 1081 664 1170 ηδ’
691 1084 897 1153 αίδαλόεντα
919 1081 1086 1169 κεραυνὸν

234 1189 288 1256 καὶ
313 1187 491 1274 στεροπήν·
514 1187 551 1256 τὸ
575 1189 655 1276 πρὶν
680 1188 718 1257 δὲ
740 1189 872 1275 πείύρη
897 1195 983 1256 Γαϊα
1004 1189 1170 1260 κεκεύθει·
1248 1207 1299 1259 505

232 1307 304 1374 τοῖς
326 1298 468 1373 πίσννος
490 1303 646 1382 θνητοῖσι
670 1296 726 1363 καὶ
750 1293 975 1362 ἀθανάτοισιν
998 1293 1159 1380 ἀνάσσει]

304 1489 338 1543 V.
357 1494 418 1542 498.
456 1485 609 1557 εύροοδείης
627 1489 686 1559 (sed
705 1506 789 1559 supra
807 1492 852 1558 νο)
870 1489 930 1544 Me.

303 1560 336 1614 V.
358 1563 418 1616 501.
455 1555 540 1630 ἀπὸ]
564 1560 623 1615 Ml.
642 1555 709 1614 ὑπό.

303 1630 337 1686 V.
356 1635 497 1684 eol-506
517 1630 605 1684 obelis
624 1633 718 1684 notav.
738 1629 866 1685 Goettl.
884 1630 953 1684 Pal.
973 1631 1014 1685 ΕΙ.
1067 1631 1068 1641 ’

305 1701 337 1754 V.
357 1707 417 1756 502.
451 1694 489 1754 οδ
496 1701 526 1772 ς]
547 1700 593 1754 Sic
612 1701 691 1755 codd.
706 1700 749 1754 ed.
764 1700 826 1755 edd.
841 1696 907 1762 τούς
922 1701 1084 1770 Schoem,
1103 1703 1135 1756 ut
1149 1701 1301 1771 comeptio·

232 1790 298 1826 nem
308 1788 363 1826 occ.
374 1772 445 1841 plur.
458 1767 620 1840 Οὐρανίδας
631 1772 761 1844 serperet.
788 1771 843 1826 Sed
852 1772 886 1828 cf.
896 1771 1001 1841 Theog.
1014 1772 1299 1828 (lasesscentem.

232 1861 253 1912 P
305 1913 337 1967 V.
358 1918 418 1968 503.
456 1907 719 1983 ἀπεμνήσαντο]
748 1912 804 1967 V2.
830 1909 1033 1983 inspectionem.

304 1984 338 2039 V.
359 1990 418 2038 504.
456 1979 631 2038 άϊθαίέοντα
650 1983 709 2037 Me.

305 2055 337 2110 V.
357 2059 417 2109 505.
454 2055 553 2123 τοτρὶν
572 2053 722 2124 scripserat
740 2054 866 2110 Goettl.

235 2232 256 2300 I,
274 2249 301 2301 p.
313 2236 372 2286 165.
409 2231 548 2286 Movere.
567 2229 699 2284 Phoenic.
717 2231 738 2298 I,
795 2231 886 2284 ταῦτα
899 2229 1019 2298 λέγουσι.
1043 2231 1143 2301 Neque
1152 2232 1304 2302 persuadet

235 2319 262 2370 p.
278 2307 330 2357 180
344 2319 403 2370 seq.
435 2300 574 2356 Preller.
594 2299 740 2369 nyther.
795 2299 876 2354 nobis
906 2301 1033 2355 Schoem.
1061 2318 1106 2372 op.
1134 2303 1160 2356 Il
1188 2321 1214 2372 p.
1241 2309 1302 2371 406,

235 2374 292 2442 lp.
309 2379 351 2429 46.
383 2371 532 2427 Schoem.
547 2389 574 2440 p.
591 2377 649 2426 194.
693 2369 741 2424 Su·
795 2371 951 2437 Platonem,
970 2370 1124 2426 Lucianum
1144 2372 1255 2427 Saturn.
1275 2380 1300 2442 5,

233 2446 333 2498 turnus
348 2443 473 2498 evomuit
486 2443 556 2497 istos
568 2457 656 2510 reges,
671 2458 741 2508 quos
797 2442 1024 2510 chrysostomum
1033 2458 1128 2496 omnes
1138 2443 1173 2496 de
1182 2444 1302 2499 Saturno

234 2517 321 2568 antea
338 2513 368 2567 in
381 2529 431 2568 sno
446 2528 560 2582 corpore
575 2512 741 2566 coarctaret.
797 2513 900 2567 etlove
914 2511 1024 2566 tabulas
1038 2512 1088 2580 ita,
1102 2514 1135 2566 ut
1148 2529 1198 2568 nos
1211 2513 1302 2580 hodie,

236 2585 308 2640 Hinc
326 2600 415 2638 novae
433 2583 511 2652 leges
529 2583 640 2637 divinae
665 2598 743 2637 exor·
796 2582 908 2652 legisse,
924 2599 987 2636 cum
1002 2600 1035 2637 ex
1050 2599 1133 2637 versu
1147 2588 1208 2651 207,
1224 2584 1302 2654 cujus

232 2658 283 2710 tae
312 2657 377 2710 sunt
403 2653 571 2736 (θέμιστες),
604 2653 742 2721 Delphico
796 2653 975 2736 potissimum
994 2653 1118 2736 spboidio
1134 2653 1303 2736 Schoeman-

235 2724 743 2865 ltlslttddtlnllltll?
797 2724 1304 2864 llllllttlttdttltlt:

233 2867 311 2936 quis,
337 2870 370 2920 nt
387 2865 515 2936 luppiter
532 2865 663 2935 Delphici
682 2882 742 2921 ora·
798 2866 843 2919 sit.
857 2864 891 2919 V.
905 2865 1019 2920 Flach.
1033 2865 1151 2935 system.
1163 2884 1190 2934 p.
1201 2872 1235 2920 40
1246 2884 1303 2934 seq.

234 2938 294 2991 culi
311 2937 496 2992 fundamenta
517 2935 615 2991 iecisse
638 2936 743 2991 dicere·
834 2936 868 2990 V.
883 2941 1033 2991 oon—506.
1061 2936 1138 2990 Haec
1157 2937 1193 2990 ad
1207 2937 1304 2991 Hesio-

234 3011 291 3063 σοι.
315 3008 357 3062 Dc
371 3023 437 3062 saxo
452 3006 502 3060 illo
517 3006 655 3076 Delphico
669 3007 745 3076 qnod
799 3008 866 3061 dum
884 3023 941 3061 non
959 3007 1108 3076 pertinent,
1127 3006 1176 3060 aed
1194 3023 1229 3060 ex
1248 3007 1304 3061 alio

237 3077 378 3133 veteribus
400 3077 534 3132 audiebat
558 3073 688 3148 βαιτύίος
707 3079 744 3145 (a
799 3077 921 3147 quodam
947 3077 1063 3145 antiquo
1093 3078 1223 3146 poemate
1249 3078 1305 3132 hnc

236 3147 378 3218 Hesych.),
411 3147 445 3204 ef.
474 3149 617 3202 Pausan.
643 3149 681 3215 X,
701 3155 744 3204 24.
798 3148 937 3202 translata
967 3149 1031 3202 sunt
1060 3148 1096 3201 ab
1120 3148 1229 3217 aliquo,
1256 3148 1306 3216 qui

234 3219 366 3274 ‘Ceterum
390 3219 461 3272 haec
485 3218 579 3273 omnia
596 3218 745 3273 Platonem
798 3235 898 3273 manca
909 3218 979 3272 haec
990 3234 1050 3273 esse
1062 3217 1189 3287 putebat.
1208 3217 1305 3274 Hesio-

239 3289 369 3345 uberiora
391 3289 506 3359 legisse,
534 3290 567 3342 ut
594 3305 628 3342 ex
652 3289 744 3358 philo·
800 3291 852 3344 dea
871 3305 927 3344 non
942 3305 1000 3344 esse
1019 3292 1100 3358 patet
1116 3307 1151 3344 ex
1168 3288 1305 3345 vocabulo

239 3361 322 3430 sophi
335 3359 427 3415 verbis
442 3359 584 3413 divinaret
597 3359 744 3414 Wolfiue
800 3355 960 3426 Ούρανίδοιι
978 3377 1004 3416 v.
1024 3365 1089 3427 502,
1113 3361 1188 3430 quod
1206 3379 1232 3416 v.
1253 3366 1305 3415 486

239 3432 280 3498 (lt.
299 3431 329 3486 P.
349 3430 383 3484 ll.
402 3447 430 3500 p.
452 3436 512 3484 377.
536 3430 566 3482 Ε.
592 3433 621 3485 et
639 3430 744 3500 Theog.
799 3431 834 3485 de
849 3430 968 3485 Saturno
979 3434 1130 3499 usurpatur
1139 3431 1175 3499 (si
1191 3431 1305 3499 quidem

237 3519 264 3571 p.
276 3504 337 3570 108)
348 3500 744 3569 uberiusquelduetzcllius
799 3518 894 3556 versus
913 3499 1050 3572 genuinus
1065 3504 1119 3569 est)
1137 3501 1184 3555 hic
1199 3501 1233 3554 de
1253 3500 1304 3570 Cy-

232 3573 343 3641 ¹(p.4'18
360 3574 428 3640 seq.)
452 3572 644 3626 demonstrare
663 3587 744 3626 eona·
800 3571 939 3641 clopibus,
971 3569 1077 3626 violato
1109 3588 1186 3626 more
1217 3572 1305 3641 epico,

239 3645 285 3697 tua
299 3643 349 3710 est,
363 3642 447 3697 facile
462 3643 669 3696 concedendum
683 3641 744 3698 erit.
800 3641 849 3710 qui
864 3637 1045 3710 Οὐρανίωνες
1058 3642 1230 3712 postulabat,
1249 3657 1305 3711 quo

239 3711 312 3766 Nam
342 3714 429 3768 etism
457 3712 510 3769 Dio
539 3714 679 3782 chrysost.
708 3713 743 3767 de
797 3729 880 3768 nemo
912 3713 1084 3780 auditorum,
1122 3711 1190 3781 quid
1222 3715 1307 3782 poeta

233 3783 365 3840 servitl
389 3802 417 3852 p.
436 3789 486 3836 443
515 3782 631 3838 Hesiodi
648 3800 744 3838 narra-
797 3786 934 3852 tentaret,
975 3783 1137 3852 dignoscere
1174 3783 1306 3852 potuerit.

237 3852 343 3910 tionem
379 3854 593 3923 locupletiorem
634 3853 744 3921 alludit,
798 3854 916 3914 Accedit
929 3853 1013 3922 enim,
1027 3855 1103 3922 quod
1116 3853 1168 3908 sub
1181 3849 1306 3920 Ούρανί-

233 3941 311 4010 puae
334 3923 419 3979 hodie
440 3941 577 3992 nusquam
596 3926 743 3995 appareat:
799 3927 848 3979 dcc
872 3925 998 3992 Titanes,
1021 3929 1055 3979 ut
1076 3923 1167 3980 voluit
1187 3924 1306 3979 Peter-

240 4013 255 4048 ο
277 4014 307 4064 ηε
322 3995 379 4049 τῶν
392 3994 473 4049 θεῶν
492 3990 622 4065 βασιλεύς
641 3989 655 4048 ὁ
671 3995 745 4063 πρῶ·
800 4011 866 4048 sen.
875 3996 1021 4066 Ursprung
1029 4002 1106 4065 p.35,
1116 4012 1171 4050 non
1178 3994 1307 4064 intellegi

240 4084 287 4127 τος
318 4064 368 4119 καὶ
399 4061 590 4134 πρεσβύτατος
622 4063 745 4133 δέδεται,
799 4068 924 4134 possunt,
945 4083 1015 4134 quos
1030 4066 1066 4120 ab
1082 4066 1175 4120 Urano
1194 4065 1224 4119 in
1239 4066 1305 4119 Ter·

229 4129 279 4210 ,ᾥς
310 4153 412 4204 φασιν,
456 4133 484 4188 εί
518 4131 569 4220 ηρὴ
602 4131 745 4190 πιστεύειν
798 4151 847 4189 rae
862 4152 994 4190 cavernas
1009 4135 1305 4204 detrusos'catenisque

238 4197 356 4278 Ἡσιόδῳ
366 4224 396 4259 τε
407 4199 581 4277 καὶὉμηρῳ,
594 4206 643 4259 καί
653 4201 747 4268 ἄλλοις
801 4203 939 4260 cohibitos
953 4206 1039 4262 fuisse
1053 4209 1138 4276 poeta
1147 4222 1203 4259 non
1212 4221 1305 4258 narra-

233 4283 340 4344 «σοφοῖς
354 4271 503 4346 ἀνδράσιν,
518 4273 746 4345 οἳπερὶΚρόνοο
801 4278 888 4331 verat.
916 4277 950 4331 V.
971 4276 1081 4346 System
1100 4295 1127 4346 p.
1147 4281 1189 4330 34.
1218 4329 1219 4334 ,
