2948 4896
613 318 810 374 oaorollls.
1195 323 1239 387 45

172 476 305 570 γείνατο
330 469 446 539 δεινὸν
469 470 562 557 ὄφιν,
586 468 624 552 ὃς
646 475 798 561 ἐρεμνοῖς
820 474 958 542 κεύθεσι
981 481 1079 562 γαίης

172 583 325 667 πείρασιν
348 581 386 647 ἐν
409 578 554 665 μεγάλης
575 579 768 668 παγχρύσεα
791 585 880 668 μῆλα
903 581 1077 669 φυλάσσει.

1185 601 1238 652 335

174 688 285 769 [τοῦτο
309 683 371 772 μὲν
394 685 430 752 ἐκ
451 689 587 772 Κητοῦς
609 685 664 752 καλ
691 683 868 773 Φόρκυνος
889 689 988 773 γένος
1011 689 1102 792 ἐστί]

94 1065 97 1068 Ι
151 984 155 988 ’
264 965 377 1053 Τηθύς
401 964 430 1033 d’
452 965 599 1058 Ὠκεανῷ
623 967 802 1055 Ποταμοὺς
824 970 895 1038 τέκε
920 969 1107 1056 δινήεντας,

171 1074 299 1142 Νεῖλόν
321 1071 346 1142 τ’
370 1071 526 1160 Ἀλφειόν
548 1101 584 1142 τε
606 1074 662 1142 καὶ
683 1072 866 1160 Ἠριδανὸν
888 1080 1096 1162 βαθυδίνην,

171 1178 365 1267 Στρυμόνα,
388 1178 594 1267 Μαίανδρόν
617 1207 652 1248 τε
675 1181 730 1248 καὶ
743 1180 880 1269 Ἴστρον
902 1184 1156 1270 καλλιρέεθρον,

241 1410 276 1465 V.
294 1415 355 1464 334.
402 1405 570 1482 despecte]
611 1410 656 1466 sic
679 1411 742 1466 Par.
769 1413 845 1498 apud
876 1412 1065 1539 Lanuvium,
1097 1413 1237 1468 Diaconos

171 1479 263 1550 Alleg.
287 1480 382 1536 Flaoh.
406 1499 433 1550 p.
452 1486 503 1535 321
527 1479 580 1548 (ἔτι
603 1481 636 1536 el
658 1489 718 1544 τοῖς
740 1486 860 1539 scudem
882 1490 941 1546 τοῖς
980 1485 1112 1552 ρεμνοίς).
1154 1484 1236 1553 Vulg.

169 1545 295 1620 ἐρεμνῆς.
315 1547 444 1620 despecte
458 1554 487 1606 et
504 1548 627 1622 μεγάλης
644 1570 695 1622 pro
714 1554 845 1623 pepulisse
860 1554 931 1610 coni.
946 1554 1122 1610 Wieseler.
1137 1555 1150 1608 l
1168 1572 1195 1624 p.
1211 1562 1236 1622 7,

168 1624 333 1692 receperunt
352 1623 500 1678 Schoem.
518 1622 561 1676 Fl.

239 1693 274 1747 V.
293 1699 353 1748 336.
393 1688 580 1766 Φόρκυνος]
601 1689 729 1763 Φύρκνος
747 1695 806 1750 ΜΞ.
826 1695 884 1750 V2.
903 1690 959 1749 κάκ
978 1691 1132 1763 Φόρκυνος.
1168 1697 1237 1750 Ver-

169 1779 230 1817 sum
249 1763 390 1818 eiecerunt
407 1763 467 1820 Pal.
486 1764 528 1820 Fl.

238 1835 271 1889 V.
292 1841 344 1888 339
363 1851 421 1903 seq.
458 1834 606 1892 resuntis
624 1836 683 1890 Ma.
703 1836 812 1892 ratione
831 1838 936 1906 eperia.

170 2040 255 2115 ictis,
273 2041 312 2108 ὡς
325 2041 382 2100 άπὸ
397 2047 448 2101 τού
463 2042 478 2100 ὁ
496 2043 606 2114 Φόρκυς
624 2047 675 2102 τού

171 2115 306 2184 Φόρκνος,
321 2111 413 2185 ὥςπερ
428 2114 529 2187 βότρυς
549 2115 675 2185 βότρυος.

170 2187 350 2242 Receniiores
368 2188 433 2243 inde
447 2203 466 2241 a
478 2189 573 2245 Pind.
592 2189 674 2258 Pylh.

169 2258 230 2324 XII,
245 2265 288 2328 23.
317 2253 426 2327 Φάρκος
439 2258 587 2314 forma-usi
602 2263 676 2314 sunl.

168 2328 287 2384 Omnino
307 2332 401 2384 autem
424 2328 459 2384 de
478 2329 563 2384 variis
586 2329 675 2384 nomi·

167 2399 210 2454 nis
228 2396 340 2466 Φόρκυς
361 2399 526 2454 flexionibus
540 2419 567 2454 v.
581 2400 674 2468 Etym.

168 2471 205 2526 M.
220 2488 247 2539 p.
259 2475 319 2539 798,
331 2477 373 2526 38.
402 2471 543 2525 Eudcciae
559 2471 631 2526 Viol.
647 2489 674 2540 p.

167 2546 218 2596 419
238 2541 373 2607 Lascaris.
404 2539 450 2596 Gr.
471 2541 568 2595 Graec.
587 2541 628 2595 III
646 2560 674 2610 p.

167 2617 219 2666 375
239 2613 300 2668 Bas.

202 2682 236 2739 V.
251 2689 311 2737 ser.
347 2677 442 2752 ὄφιν]
466 2682 544 2737 lado
571 2683 600 2751 (a
626 2677 673 2736 ιλ·

168 2754 242 2822 βρος,
261 2748 400 2819 λάξεσθαι
419 2779 453 2799 =
471 2757 526 2821 λαμ
545 2748 627 2808 άνειν
646 2772 671 2808 v.

167 2823 295 2878 Schoern.
318 2840 364 2893 op.
384 2825 410 2878 11
428 2843 455 2894 p.
476 2829 527 2879 188
562 2823 673 2879 seriori·

167 2894 219 2948 bus
238 2894 326 2962 audit,
345 2894 394 2964 qui
411 2912 468 2949 una
486 2911 550 2951 cum
567 2895 672 2964 Hespe-

167 2963 275 3019 ridibus
289 2982 375 3020 aurea
388 2983 474 3035 poma
492 2966 627 3033 custodia
646 2985 672 3022 v.

166 3035 283 3103 Heyn'.
311 3036 348 3090 ad
376 3037 468 3106 Apoll.
490 3055 517 3106 p.
547 3043 608 3092 412.
638 3067 672 3076 —

167 3102 293 3176 ἐρεμνύι
325 3104 457 3161 κεύθεα
485 3110 586 3176 γαίης
611 3125 672 3177 spe·

153 3177 280 3240 ¹laneam
305 3177 453 3244 deuolant,
477 3177 604 3233 draconis
624 3179 672 3232 do·

166 3247 311 3302 micilium.
352 3249 392 3302 Cf.
420 3253 516 3304 tamen
545 3249 672 3304 Schol.

729 2048 858 2103 Nessum.
896 2048 929 2105 V.
948 2053 1009 2104 338.
1033 2049 1120 2106 eliam
1138 2050 1237 2106 Erida-

730 2136 797 2173 num
807 2121 953 2187 memorat,
963 2136 1047 2188 quem
1056 2122 1164 2176 Padum
1174 2138 1235 2177 esse

730 2189 785 2244 iam
805 2189 927 2244 Hesiodo
951 2207 985 2244 ex
1002 2191 1127 2260 Ligybus
1147 2193 1236 2263 suspi-

730 2260 799 2314 ceris
832 2261 869 2325 (v.
897 2247 1079 2317 animadvers.
1107 2263 1145 2318 ad
1174 2269 1234 2320 318.

729 2329 897 2385 Welclrer.
921 2330 988 2385 Tril.
1012 2332 1111 2388 Aesch.
1135 2351 1163 2404 p.
1183 2341 1235 2390 566

729 2402 808 2469 seq.)‚
827 2416 861 2453 ex
875 2401 971 2469 Epiro,
990 2401 1126 2458 Graeciae
1143 2405 1234 2459 umbi·

728 2470 796 2538 lico,
819 2471 975 2526 Acheloum
995 2475 1024 2527 el
1041 2473 1180 2542 Euenum,
1195 2493 1234 2532 ex

728 2541 921 2611 Peloponneso
939 2543 1079 2624 Alpheum
1097 2547 1126 2598 el
1144 2544 1234 2600 Lado-

727 2628 836 2737 iim’sl
855 2612 1234 2742 lllellislllmsll·

727 2769 816 2822 paeae
839 2753 1012 2823 fluminibus,
1040 2773 1104 2811 cum
1127 2757 1234 2812 mullus
1308 2755 1311 2760 ’

728 2823 817 2879 sitin
841 2826 1003 2882 enarrandis
1032 2827 1114 2882 Asiae
1141 2827 1234 2884 fluviis

728 2895 931 2965 etpracserlim
939 2897 1048 2952 Troiae.
1063 2898 1108 2952 Ad
1118 2899 1234 2954 Troiam

727 2965 870 3035 pertinent
904 2965 1088 3034 Scamander,
1123 2969 1233 3040 Simois,

728 3037 886 3107 Sangarius,
901 3037 1035 3108 Rhodius,
1050 3040 1163 3110 Nessus,
1171 3041 1233 3098 He·

726 3109 777 3176 pla
797 3125 870 3176 orus,
885 3107 1029 3178 Granicus,
1045 3112 1179 3180 Aesepus,
1196 3113 1232 3167 ad

727 3127 846 3247 Lydiam
865 3179 1016 3241 Maeander
1039 3197 1103 3235 cum
1121 3182 1233 3253 Hermo,

727 3248 764 3302 ad
782 3249 900 3318 Mysiam
919 3249 1033 3319 Caicus,
1056 3253 1093 3306 ad
1111 3253 1232 3323 Paphla·

165 3318 259 3388 Apoll.
278 3318 326 3387 lV,
346 3325 422 3374 1396.
746 3318 840 3374 oniam
872 3320 1048 3376 Parthenius.
1098 3323 1233 3380 Boeotias

143 3381 149 3390 “
201 3388 235 3446 V.
247 3395 396 3444 337-343.
425 3389 616 3445 Memorabilis
625 3389 672 3444 hic
726 3337 825 3445 duvios
835 3406 901 3444 eum
915 3392 988 3446 sicco
1003 3393 1075 3461 pede
1087 3395 1233 3450 transiisse

166 3458 244 3514 locus
267 3463 311 3513 esi
332 3462 448 3529 propter
470 3461 672 3530 geographiam
726 3461 809 3516 valde
827 3463 1008 3517 memorabile
1035 3480 1095 3518 esse
1112 3465 1232 3520 ridetur.

168 3530 305 3599 temporis
323 3530 463 3586 Hesiodei.
499 3531 597 3585 Nilum
614 3531 672 3602 pri·
726 3531 781 3586 Sed
799 3531 918 3587 fortasse
935 3535 1037 3602 poetae
1055 3550 1103 3588 eos
1121 3538 1233 3590 lantum

165 3619 228 3654 mus
237 3601 525 3668 memoralHesiodus‚
536 3602 584 3670 qui
595 3603 671 3671 apud
726 3602 827 3657 fluvios
838 3619 1000 3658 enumerare
1013 3605 1043 3658 in
1053 3605 1146 3660 animo
1163 3611 1232 3674 erat,

167 3671 318 3726 Homerum
346 3675 485 3740 Αἴγυπτος
512 3672 604 3738 audil3
634 3675 670 3740 (v.
726 3673 775 3743 qui
794 3690 842 3728 seu
866 3673 964 3744 priscis
984 3675 1157 3730 carminibus
1184 3694 1232 3732 seu

166 3741 328 3797 Laurenl.
340 3742 409 3812 Lyd.
424 3742 459 3797 de
473 3759 560 3798 mens.
570 3743 617 3811 IV,
628 3749 671 3798 68.
725 3744 803 3798 cultu
821 3743 916 3813 aliquo
930 3743 1033 3799 eximio
1051 3764 1102 3815 per
1115 3764 1164 3802 ora
1182 3749 1231 3803 ho-

164 3812 260 3866 Eliam
283 3813 382 3868 Phasis
400 3813 431 3866 in
455 3811 596 3884 Colchide,
621 3813 672 3883 qui
725 3814 830 3868 minum
846 3815 955 3885 vulgati
970 3818 1062 3870 erant:
1078 3817 1232 3874 r.Flauh.

164 3885 274 3952 speclei
296 3885 333 3938 ad
351 3885 591 3954 Argentiolum,
614 3901 671 3939 non
726 3884 798 3954 Syst.
821 3904 849 3954 p.
873 3891 916 3940 97.
953 3886 1011 3940 Alii
1035 3893 1130 3943 autem
1155 3890 1233 3944 alind

164 3958 336 4010 memoratus
350 3955 497 4024 Homerc);
512 3973 545 4010 ex
556 3955 672 4026 Scythis
725 3955 1054 4028 deduminumcatelogc
1064 3961 1230 4016 statuerunt.

165 4024 268 4079 Istrum
281 4026 310 4080 el
324 4025 479 4081 Ardescnm
497 4027 591 4095 (quem
610 4042 671 4082 esse
725 4026 759 4081 V.
784 4027 935 4081 Schcem.
959 4045 986 4096 p.
1013 4034 1073 4084 173.
1113 4030 1233 4086 Peter-

165 4093 375 4165 Salmydcssum
407 4096 550 4151 Vossius
582 4097 672 4166 suspi-
726 4113 792 4152 sen.
812 4097 958 4168 Ursprung
975 4115 1002 4182 p.
1024 4105 1065 4154 12.
1107 4100 1176 4156 Pal.
1196 4101 1233 4156 ad

167 4169 246 4224 caius
261 4168 305 4220 esi
318 4166 354 4221 de
368 4167 520 4236 geograph.
536 4168 624 4237 antiq.
642 4185 671 4236 p.
725 4166 753 4223 h.
772 4168 790 4222 l.
810 4167 933 4238 Bergk.
953 4170 1006 4222 L1t.
1026 4170 1073 4226 Gr.
1093 4170 1106 4223 I
1124 4189 1151 4240 p.
1170 4176 1232 4226 982.

166 4235 318 4306 XVII.)‚ex
331 4237 496 4292 Macedonia
511 4237 671 4293 Haliacmo·
760 4238 794 4293 V.
813 4244 873 4292 339.
906 4235 1079 4310 Ἴστρον]
1117 4240 1231 4295 Hesiodi

163 4322 240 4375 nem,
258 4322 293 4361 ex
311 4307 432 4362 Thracia
447 4307 625 4378 Strymonem
643 4311 672 4363 et
724 4311 852 4378 tempore
875 4309 932 4364 iarn
954 4325 1038 4364 ausos
1063 4327 1124 4388 esse
1142 4310 1231 4365 homi·
