2948 4896
309 1303 609 1381 Ιοοννον
645 1302 774 1379 νον
812 1302 1119 1380 νοονκοκ
1212 1255 1236 1311 '

382 1513 643 1613 ΓΕΝΟΣ
679 1512 1042 1612 ΗΣΙΟΔΟΤ.

259 1862 418 1946 Ἡσίοδος
439 1863 503 1932 σὺν
525 1869 571 1957 τῷ
595 1863 732 1958 ἀδελφῷ
751 1865 866 1952 Πέρση
890 1875 967 1945 παῖς
986 1863 1134 1951 ἐγεγόνει
1154 1870 1244 1933 Δίον

167 1972 231 2040 καί
254 1971 468 2060 Πυκιμήδης,
492 1976 657 2058 Κυμαίων
677 1972 841 2058 Αἰολέων,
864 1969 1018 2058 πενήτων
1037 1968 1243 2058 ἀνθρώπων,

170 2085 212 2148 οἳ
233 2077 290 2147 διά
313 2076 352 2147 τὸ
374 2075 504 2168 ἀπορον
527 2079 584 2146 καί
606 2076 647 2146 τά
669 2079 750 2166 χρέα
772 2076 834 2165 τῆν
859 2079 987 2146 ἑαυτῶν
1010 2079 1155 2165 πατρίδα
1173 2078 1243 2146 Κύ-

168 2212 243 2274 μην
271 2183 412 2272 ἀφέντες
438 2184 744 2274 μεταναστεάουσιν
774 2185 826 2253 ἐπί
853 2182 915 2271 τῆν
929 2181 1089 2272 ”Ασκρην,
1116 2187 1243 2272 χωρίον

168 2295 244 2361 τῶν
272 2295 432 2360 Βοιωτῶν
460 2295 677 2378 δνςχείμερον
707 2291 762 2358 καί
789 2292 1025 2378 κακοθίρειον,
1057 2292 1133 2378 περὶ
1164 2290 1269 2373 τοὺςο

169 2396 282 2477 πόδας
295 2398 453 2485 κειμένην
472 2401 533 2466 τοῦ
546 2394 742 2483 Ἑλικῶνος,
760 2393 856 2464 κάκεῖ
871 2399 1073 2464 κατοικοῦσι.
1104 2396 1242 2486 τοιαύτη

170 2502 216 2572 δέ
248 2509 346 2595 πενίη
377 2505 446 2572 τῶν
478 2501 673 2592 ἀνθρώπων
708 2503 982 2590 συνεσχημένον,
1020 2503 1146 2590 συνέβη
1182 2501 1243 2571 τὸν

163 2609 333 2679 Ἡσίοδον
365 2613 487 2679 τοῦτον
523 2608 675 2699 πρόβατα
711 2611 749 2677 ἐν
780 2612 827 2701 τῶ
855 2605 1010 2677 Ἑλικῶνι
1041 2602 1243 2697 ποιμαίνειν.

169 2717 259 2805 φασί
289 2716 326 2784 δέ
354 2713 400 2796 ῶς
427 2716 527 2784 ἐννέα
554 2715 643 2796 τινὲς
671 2719 834 2785 ἐλθοῦσαι
861 2729 1017 2802 γυναῖκες
1041 2717 1097 2785 καί
1121 2717 1242 2806 δρεψά-

170 2849 274 2912 μεναι
295 2825 425 2902 κλῶνας
447 2825 484 2892 ἐκ
507 2821 640 2910 δάφνης
652 2820 901 2901 Ἑλικωνίτιδος
919 2819 1024 2890 αὐτὸν
1043 2825 1243 2908 ἐπεσίτισαν,
1254 2847 1287 2896 10

169 2930 232 2998 καί
259 2927 346 2998 οὕτω
379 2935 502 3017 σοφίας
528 2931 585 2998 καί
612 2933 785 3016 ποιητικῆς
814 2927 1034 3017 ἐμπεφόρητο.
1083 2927 1169 2998 ἀλλά
1201 2929 1241 2998 τά

170 3037 272 3124 μέχρι
294 3036 356 3124 μὲν
379 3033 510 3104 τούτων
533 3033 654 3124 ἀτρεκῆ
677 3060 712 3104 τε
734 3035 791 3103 καί
813 3033 1026 3122 ἀληθέστατα
1049 3033 1101 3104 ὅτι
1123 3033 1242 3116 παϊςὸ

163 3139 327 3222 Ἡσίοδος
341 3148 432 3210 Δίου
452 3142 510 3209 καί
524 3141 737 3229 Πνκιμῆδης,
760 3142 816 3210 καί
839 3138 886 3222 ῶς
904 3139 987 3211 κατά
1004 3140 1066 3211 τὸν
1080 3139 1244 3212 Ἑλικῶνα

171 3251 347 3336 ἐποίμανε·
379 3246 475 3317 κίε-δ’
502 3248 664 3317 ἐντεῦθεν
686 3247 963 3337 μεμνθηγόρηται
987 3249 1044 3316 καί
1066 3246 1243 3339 ἀλληγορι·

168 3353 321 3444 κῶτερον
353 3357 511 3424 λέλεκται.
561 3351 581 3443 ῆ
612 3353 675 3442 γάρ
709 3356 747 3423 ἐν
774 3358 820 3447 τῷ
852 3355 1045 3442 ποιμαίνειν
1064 3357 1151 3443 ’περί
1182 3354 1242 3424 τὸν
1254 3379 1287 3428 15

164 3460 344 3530 Ἑλικῶνα(
357 3461 496 3550 ἐνόμευε
518 3463 574 3530 καί
596 3461 812 3549 καθευδῆσας
835 3460 854 3531 ὁ
873 3460 1029 3541 Ἡσίοδος
1047 3460 1132 3549 ὄναρ
1151 3460 1242 3531 είδεν

246 3671 376 3744 Πρόκλου
399 3673 482 3746 γένος
496 3671 627 3731 Ἡσιόδου
647 3692 793 3801 φορυτῶν
814 3676 983 3746 scripserunt
997 3677 1243 3732 Westermann.

174 3745 270 3816 Biogr.
288 3744 335 3801 Gr.
354 3763 381 3816 p.
400 3751 444 3801 45.
462 3785 466 3790 -
482 3747 514 3802 G.
534 3747 670 3802 Kinkel.
714 3763 766 3817 μιν.
787 3746 833 3802 Gr.
852 3747 885 3802 fr.
904 3765 932 3816 p.
952 3753 994 3804 78.

247 3817 281 3872 V.
300 3823 325 3872 δ.
361 3818 452 3890 περί]
485 3817 532 3874 Sic
550 3818 615 3874 Vat.
651 3818 744 3888 Vulgo
763 3814 849 3886 παροί.

246 3887 281 3942 V.
300 3895 325 3943 6.
361 3890 543 3944 κατοικοῦσιν
561 3889 736 3945 Wosterm.

174 4029 203 4084 N
247 3958 280 4013 V.
300 3964 325 4013 9.
361 3959 433 4028 φασί
457 3955 486 4014 δ’
516 3955 554 4024 ῶς
580 3956 615 4015 θ’
644 3961 821 4017 Westerm.
863 3959 980 4016 Μοῦσαι
1008 3965 1143 4030 γυναῖκες
1178 3962 1243 4020 Vnt.

204 4045 264 4100 esp.
283 4036 328 4086 54.

247 4101 281 4154 V.
302 4106 343 4157 10.
382 4097 414 4157 ἐκ
432 4102 514 4158 abest
531 4119 549 4157 ο
566 4103 656 4173 Νεκρ.

248 4171 280 4228 V.
301 4177 343 4227 12.
379 4168 507 4243 ἀτρεκῆ
526 4173 579 4246 τε]
618 4174 664 4229 Sic
683 4173 748 4230 vat.
776 4173 869 4264 Vulgo
888 4174 1008 4243 νητρεκῆ
1027 4173 1086 4233 sine
1104 4193 1148 4244 τε,
1167 4176 1243 4242 quod

179 4241 287 4311 placuit
310 4243 552 4301 Schoemanno.
589 4246 677 4302 Paulo
704 4247 770 4316 post
796 4239 812 4301 ὁ
842 4247 964 4309 Ησίοδος
988 4246 1151 4316 scripsimus
1179 4261 1243 4300 oum

182 4311 280 4368 eodem
297 4315 377 4372 libro.
414 4315 557 4372 Articulus
575 4317 661 4388 vulgo
679 4316 771 4384 abent3
791 4331 846 4372 om.
866 4317 1015 4374 Schoem.
