2948 4896
243 305 263 371 8
690 303 889 378 umorem
974 303 979 316 ·

242 463 379 547 θέσπιν,
402 464 460 528 ἵνα
481 466 624 548 κλείοιμι
646 459 686 528 τά
708 457 733 528 τ’
759 458 924 547 ἐσσόμενα
945 458 1012 547 πρό
1033 458 1058 528 τ’
1084 460 1191 532 ἐόντα.

241 574 302 636 καί
320 595 360 657 με
382 565 515 660 κέλονδ’
540 565 662 654 ὑμνεῖν
685 566 844 656 μακάρων
866 569 965 654 γένος
986 567 1060 635 αίδν
1083 567 1220 652 ἐόντων,

243 680 332 763 σφᾶς
354 672 383 743 δ
408 672 509 755 αὐτὰς
531 673 666 762 ιιριὸτόν
688 698 723 741 τε
745 670 966 762 καλιάσιερον
988 673 1063 741 αίὲν
1085 671 1220 742 ἀείδειν,

243 780 327 850 ἀλλὰ
349 787 402 868 τίη
426 809 484 870 μοι
501 787 604 851 ταῦτα
626 781 702 868 περὶ
725 783 812 868 δρῦν
834 775 856 867 ἣ
878 779 954 867 περὶ
975 781 1114 868 πόσρηνς
1274 797 1308 848 tt

245 995 370 1050 omnium
384 996 513 1052 codicum
526 995 692 1065 δρέψασθαι
702 994 815 1066 legitur,
833 997 930 1050 temen
943 993 1079 1063 scriptura
1092 992 1152 1048 cod.
1165 993 1227 1048 Par.
1242 990 1304 1061 δρέ-

242 1078 335 1135 φασαι
344 1066 646 1137 praeferenduvidetur
660 1083 729 1122 esse.
764 1067 809 1120 Ita
822 1065 902 1121 enim¹
910 1064 1040 1136 legerunt
1053 1064 1161 1132 Taetuu,
1175 1063 1226 1120 vit
1239 1063 1305 1121 Hes.

243 1154 270 1207 p.
290 1142 316 1206 t,
335 1143 369 1192 29
389 1139 418 1193 et
435 1157 462 1209 p.
483 1145 526 1209 14,
545 1144 580 1193 14
593 1136 643 1192 καὶ
661 1131 841 1208 δρεψάμεναι
858 1137 967 1198 κλῶνας
986 1131 1018 1190 ἐκ
1036 1130 1149 1204 δάφνης
1163 1129 1305 1190 Ἑλικωνί-

243 1209 320 1270 ιιδος
338 1210 367 1263 et
380 1209 554 1279 NIcephorus
573 1210 609 1264 ad
623 1208 801 1278 Synesium
818 1225 847 1278 p.
871 1214 923 1262 371
943 1207 968 1261 D
986 1206 1030 1263 ed.
1048 1207 1108 1261 Pet.
1127 1205 1177 1260 καλ
1194 1201 1307 1274 δάφνης

245 1273 340 1351 φόλλφ
367 1278 519 1350 δρεφάσας
544 1281 573 1349 (l.
597 1275 752 1350 δρεψάσας)
776 1274 866 1334 uiris
887 1277 937 1333 καὶ
954 1278 1126 1348 παραχρῆμα
1144 1320 1151 1333 .
1170 1321 1177 1334 .
1196 1318 1204 1332 .
1223 1276 1306 1344 Quod

245 1349 269 1403 si
290 1350 431 1406 Iiuetzell.
455 1371 481 1423 p.
506 1358 558 1407 διδ
581 1353 724 1407 auctorem
746 1349 823 1405 vitae
840 1349 956 1406 Hesiodi
978 1351 1093 1420 propter
1109 1343 1304 1404 verberetis

244 1415 405 1477 ἐπισίτισιν
427 1424 528 1494 legisse
551 1421 699 1493 δρέψασαι
721 1439 768 1476 sus
787 1420 891 1489 iectus,
913 1437 1025 1488 vereor,
1047 1437 1082 1474 ne
1105 1419 1189 1476 nimis
1208 1421 1308 1488 argute

243 1507 303 1546 rem
325 1495 503 1564 tractaverit,
526 1511 590 1549 cum
612 1495 699 1549 verba
722 1488 901 1548 ἐκεπνενσαν
923 1489 957 1547 δέ
980 1510 1028 1562 μοι
1050 1485 1144 1559 αόδήν
1168 1507 1186 1546 a
1205 1491 1306 1546 Τισίαν

245 1563 285 1618 sic
303 1564 414 1620 reddite
432 1582 493 1621 esse
514 1565 631 1636 possint.
667 1564 729 1632 Qua
750 1564 785 1620 de
808 1580 894 1620 causa
917 1562 1006 1618 etiam
1022 1561 1175 1632 Nicephori
1192 1561 1307 1618 concor

245 1633 286 1689 tio
305 1634 345 1691 sic
367 1636 461 1706 potius
480 1636 645 1708 corrigendo.
670 1638 727 1691 est:
750 1629 964 1704 σιροσελδσόσας
981 1653 1011 1688 τε
1030 1627 1176 1704 aeternat
1194 1629 1307 1701 δάφνης

245 1701 574 1842 φέὶλλφνεξιιῖφτεοφτιὲφαρωιιιαλ
588 1702 678 1831 αφλσόν
696 1701 1106 1846 νδιαρφέρηραθφλφιέφνφλιδόντα
1125 1700 1200 1758 εἷναι
1214 1699 1305 1773 σοφὸν

315 1846 350 1902 V.
370 1854 412 1902 32.
449 1797 599 1916 δίσιιιηάῖ1
615 1848 671 1902 ἴνα
693 1798 856 1919 κλείοιμι]
882 1848 927 1902 Sic
952 1848 1109 1902 correxerat
1134 1845 1308 1904 Goettliu·

245 1917 322 1986 gius
335 1935 386 1988 pro
399 1919 494 1988 δοίην,
509 1913 547 1982 ὥς
560 1920 681 1989 κλείοιμι
694 1919 774 1974 codd.
787 1919 889 1987 Recep.
905 1919 1053 1974 Soboem.
1091 1917 1131 1973 ef.
1147 1917 1198 1974 Οδ.
1212 1917 1234 1986 Ι,
1248 1921 1307 1972 328.

244 1987 319 2058 VIII,
337 1993 399 2044 498.
434 1991 529 2059 θείην,
548 1990 596 2044 ἴνα
610 2005 691 2045 cruce
705 1989 788 2044 effixa
801 1989 939 2045 Koechl.
957 1988 1128 2044 Muetaell.
1151 1989 1307 2046 coniecerat

244 2061 401 2128 θεσπεσίην
419 2062 523 2116 κλείειν
541 2055 601 2129 ἅμα
619 2055 642 2114 τ’
663 2055 802 2131 ἐσσόμενα
820 2055 874 2130 πρό
892 2055 916 2114 τ’
937 2054 1030 2114 ἐόντα.

316 2131 350 2185 V.
368 2137 412 2186 33.
449 2125 476 2201 μ’
496 2125 625 2188 ἐκέλονθ’
644 2131 785 2189 V1.Par.

316 2201 350 2255 V.
370 2208 413 2256 34.
449 2196 606 2275 ὕστερον]
624 2196 746 2272 ὕστατον
769 2201 829 2258 σοδ.
848 2201 901 2256 Me
921 2201 1137 2269 extromentum,
1156 2200 1232 2271 quod
1248 2200 1305 2256 usi·

245 2271 333 2327 tatius
352 2289 412 2328 csse
431 2273 543 2330 dicebat
560 2273 720 2343 wolfius,
743 2274 773 2328 in
795 2275 905 2330 textum
921 2273 1029 2342 recepit
1045 2273 1156 2342 Diuo,
1173 2271 1304 2343 probavit

244 2343 465 2400 Hermauuus.
503 2345 558 2401 Sed
578 2339 696 2416 ὕστερον
715 2345 801 2402 etiam
815 2345 900 2401 schot
915 2343 1080 2399 Basileensis
1099 2343 1238 2416 agnoscIt:
1257 2337 1306 2396 αό-

245 2409 297 2540 uite
320 2409 474 2541 δὶΤόμνεῖν
496 2412 610 2485 πρῶτόν
631 2437 661 2473 σε
685 2415 734 2472 καὶ
757 2411 888 2487 ὕστερον,
911 2411 1015 2492 ὡσανεὶ
1033 2411 1088 2470 cici.
1109 2447 1142 2455 -
1161 2413 1238 2470 αίὲν
1257 2415 1306 2469 eb-

247 2503 276 2541 es
310 2503 328 2540 a
372 2504 429 2544 aur.

282 2682 315 2764 y.
336 2685 379 2737 35.
397 2683 451 2750 τίη
475 2683 517 2765 est
539 2673 748 2751 quianam37'1
801 2681 832 2736 in
856 2681 987 2764 Graecia,
1010 2684 1090 2736 erant
1114 2682 1228 2736 oracula
1244 2680 1307 2763 qui-

246 2767 347 2878 ”bb
356 2752 750 2892 siccescere
801 2753 1184 2906 exercerem
1198 2767 1308 2878 :ee

247 2893 378 2950 euchbco
410 2909 493 2949 nam.
550 2892 631 2960 Quod
666 2894 749 2948 Her·
803 2910 867 2948 oum
888 2897 1048 2950 reverenm
1070 2895 1205 2964 obseqme
1225 2909 1308 2964 pree·

246 2981 387 3020 mannus
405 2965 515 3020 monuIt
533 2965 645 3034 (Opusc.
660 2965 707 3020 VI.
721 2983 748 3036 p.
806 2965 921 3020 stebaut
952 2964 1060 3021 Graeci.
1108 2965 1243 3021 Dodouee
1274 2980 1309 3020 ex

247 3037 327 3104 lte),
340 3033 483 3124 reprobari
496 3036 569 3120 banc
583 3035 751 3120 septentiam
804 3052 885 3091 secra
913 3053 1017 3120 quercu
1049 3037 1217 3120 resonabant
1243 3035 1309 3091 deo-

246 3102 752 3260 ?tssti‘iffltitiittit
803 3125 881 3234 ee
898 3107 1310 3260 teffit‘cetieeef

245 3246 414 3315 pertrculam
437 3251 576 3304 momtum
603 3250 661 3315 est,
687 3265 751 3332 pro·
804 3248 951 3305 Archaeol.
970 3267 997 3320 p.
1016 3251 1085 3318 32),
1108 3249 1240 3319 Delphus,
1259 3265 1310 3304 seu

245 3318 344 3386 pterea
360 3335 417 3374 non
436 3319 562 3389 quadrat,
584 3320 660 3388 quod
677 3319 751 3374 esmi-
805 3321 900 3390 potius
916 3320 1059 3390 Pythone,
1082 3336 1116 3376 ex
1140 3336 1226 3390 specu
1243 3319 1310 3374 Per·

245 3387 312 3443 liter
337 3388 433 3445 Latini
460 3389 557 3445 dicunt
588 3389 753 3460 quIauam
806 3390 884 3446 nasci
903 3408 955 3461 per
973 3391 1105 3461 Pythiam
1127 3390 1309 3447 sacerdotem.

245 3459 275 3513 in
303 3459 409 3516 causali
435 3461 584 3516 sententia.
611 3489 645 3503 -
672 3461 752 3532 περὶ
805 3463 851 3518 Ita
867 3457 1010 3534 ὑφίκσμσς
1032 3462 1101 3531 δρῦς
1118 3465 1162 3518 est
1179 3461 1259 3532 proi

247 3525 373 3600 δρῦνῆ
401 3531 480 3601 crept
503 3530 641 3601 πέτρην.
685 3533 752 3588 Pro·
805 3532 958 3589 Dodonaeo
990 3533 1102 3588 oreoulo
1134 3533 1225 3588 Hom.
1303 3575 1310 3586 .

246 3602 379 3659 verbialis
387 3603 459 3670 haec
473 3605 517 3659 est
529 3602 659 3674 formula,
672 3604 751 3659 cuius
805 3605 878 3660 XIV.
902 3610 963 3659 327.
986 3603 1065 3673 XIX,
1088 3610 1148 3659 aet.
1187 3603 1228 3662 Of.
1247 3604 1310 3659 Ae·

246 3673 305 3728 sim
333 3689 366 3729 sc
397 3677 569 3744 potestatem
599 3690 656 3730 nou
683 3675 751 3731 setis
805 3675 912 3744 schyl.
936 3675 1028 3730 Prom.
1046 3680 1107 3730 832.
1145 3674 1312 3745 Sophocl.

245 3745 421 3814 perspexisse
434 3745 505 3800 mihi
518 3745 650 3802 videntur
666 3746 752 3802 iuter·
805 3746 851 3801 Tr.
873 3752 963 3814 1158.;
983 3747 1013 3800 et
1029 3741 1123 3801 Παδά
1141 3745 1245 3801 dicitur
1262 3764 1314 3801 ιιε-

245 3815 355 3884 protes,
381 3833 445 3870 cum
464 3817 499 3872 de
521 3817 639 3888 antiqua
655 3816 753 3873 fabula
805 3812 927 3886 τρήεσσα
940 3817 972 3871 Π.
986 3816 1033 3886 ΙΧ,
1047 3823 1123 3884 404.;
1142 3818 1312 3886 Παρνασσία

247 3899 402 3942 sermonem
439 3904 498 3943 esse
534 3889 646 3960 dicunt,
679 3904 752 3959 quse
805 3885 895 3959 πέτρα
908 3887 943 3943 δε
958 3887 1024 3942 sede
1032 3888 1172 3958 Apollinis
1185 3887 1312 4014 estapud

246 3956 374 4011 homiues
388 3974 422 4013 ex
439 3959 585 4014 arboribus
604 3962 634 4015 et
650 3959 752 4029 lapidi·
805 3958 981 4028 Aristoph.
1007 3959 1082 4014 Nub.
1106 3964 1167 4015 697.
1193 3961 1223 4014 et
1246 3977 1310 4013 εκε

246 4027 305 4109 δυσ.
331 4031 472 4084 recreatos
486 4045 545 4085 esse
563 4033 684 4087 moueat.
710 4031 753 4086 De
806 4029 914 4098 Δελφίς
930 4029 1020 4098 uiroc
1038 4029 1114 4156 {pud
1129 4030 1227 4100 Sopb.
1242 4029 1311 4088 Οσᾶ,

247 4097 308 4167 ispi
328 4098 389 4155 'bus
402 4099 581 4156 Deucalionis
594 4101 699 4170 audivi,
718 4102 753 4158 de
806 4102 839 4170 Τ,
853 4103 888 4157 V.
897 4107 958 4157 4⁶4.
987 4100 1028 4157 Of.
1071 4101 1144 4171 spic
1159 4103 1264 4171 Argom
1280 4107 1309 4155 2:

248 4169 393 4226 arboribus
402 4187 459 4226 uon
467 4170 543 4227 item.
562 4173 659 4243 Longe
668 4173 753 4230 aliter
807 4164 882 4238 ὦναξ
910 4173 1053 4235 Πυθῶνος
1079 4171 1190 4242 μεδέων
1214 4203 1251 4214 -
1278 4165 1310 4234 ὃς

246 4255 339 4297 resse
356 4240 449 4297 habet
486 4243 559 4298 Nem
580 4258 595 4298 e
618 4243 753 4313 antiquis·
806 4239 889 4314 λάχος
915 4238 1050 4315 ἠλιβάτου
1076 4243 1205 4312 κορυφῆς
1232 4246 1311 4312 Παρ-

249 4310 327 4368 simis
359 4313 532 4383 temporibus
558 4261 615 4370 guo
641 4316 754 4370 tentum
806 4316 909 4384 νησίδα
926 4313 1039 4385 πέτρην.
1076 4315 1216 4369 Nonnus
1240 4314 1312 4370 odeo
