2892 4902
1141 324 1230 371 XXIX

254 466 312 536 Sed
335 475 516 536 revertimur
534 475 573 533 ad
592 473 757 534 Hesiodeos
780 475 894 549 poetas.
939 471 998 532 Pro
1022 490 1125 531 eorum
1149 473 1231 531 secta

163 567 190 625 si
218 565 344 624 dicimus
372 562 465 622 etiam
492 562 650 622 Teleclidis
680 563 863 622 comoediam
890 561 986 637 loqui,
1016 567 1106 637 quein
1128 552 1228 619 Ἡσιό-

166 653 254 726 δοις,
286 672 347 712 non
364 645 524 727 Ἡσίοδον,
556 651 709 727 inscripsit
741 644 783 730 (v.
815 649 996 710 Meinekii
1027 648 1133 710 histor.
1166 649 1231 708 crit.

168 741 348 802 comicorum
376 739 559 800 Graecorum
587 760 616 815 p.
640 733 711 820 88),
738 740 868 799 fortasse
895 739 1071 799 habebimus
1100 756 1150 798 eos
1180 737 1231 796 ad·

164 830 328 904 versarios,
362 831 414 906 qui
449 849 484 889 ex
517 827 633 888 Cratini
660 827 858 888 Archilochiis
889 828 993 888 eodem
1022 827 1088 886 iure
1119 829 1233 886 sectam

165 919 390 979 Archilochium
417 917 485 978 elici
512 937 600 994 posse
633 917 859 977 asseverabunt.
912 915 970 976 Sed
1000 915 1111 975 mirum
1140 934 1232 992 quan-

165 1012 231 1068 tum
254 1009 326 1068 haee
349 1008 500 1067 differunt.
545 1006 718 1065 Archilochi
741 1001 951 1066 enim'nomen
972 1005 1005 1063 in
1026 1004 1233 1080 praedicatum

165 1097 314 1174 paulatim
336 1095 426 1170 abiit,
453 1095 580 1154 Hesiodi
600 1113 672 1156 vero
697 1094 723 1154 si
744 1094 846 1171 plures
870 1094 1023 1167 dicuntur,
1050 1111 1110 1152 non
1131 1095 1233 1169 potest

165 1188 197 1246 id
220 1187 309 1245 aliter
331 1185 468 1260 intellegi
499 1201 589 1261 quam
612 1184 649 1243 dc
671 1183 721 1243 via
743 1201 778 1241 ac
800 1181 916 1242 ratione
939 1183 1051 1259 poesis,
1075 1200 1166 1259 quam
1189 1200 1233 1241 se-

166 1276 240 1335 ctati
263 1275 339 1350 sint3
362 1291 490 1349 pronum
514 1275 561 1333 est
582 1273 678 1349 igitur
699 1273 876 1347 intellegere
898 1271 1093 1331 Archilochos
1117 1269 1234 1330 Cratini

166 1365 290 1424 chorum
314 1358 401 1439 quasi
424 1362 637 1438 sugillatorum
661 1360 867 1437 constituisse,
901 1359 1059 1420 Teleclidis
1081 1377 1152 1420 vero
1175 1358 1235 1418 He-

167 1452 265 1512 siodos
282 1470 394 1525 eorum,
404 1451 461 1527 ‘qui
476 1470 511 1509 ex
529 1453 630 1510 mente
644 1445 771 1509 Ascraei
784 1451 901 1526 poetae,
914 1449 933 1508 i.
949 1467 973 1510 e.
994 1467 1031 1509 ex
1049 1449 1183 1507 utilitate
1197 1448 1234 1506 de

167 1541 329 1617 poematis,
358 1557 486 1616 quorum
503 1539 658 1615 ¹frequens
694 1539 774 1613 apud
802 1537 983 1597 Teleclidem
1014 1537 1126 1596 mentio
1160 1539 1234 1608 eret,

166 1629 344 1688 iudicarent.
389 1627 473 1686 Haec
501 1630 602 1686 autem
630 1626 748 1686 utilitas
778 1618 833 1706 (ὡς
856 1619 999 1703 ὠφέλιμοι
1021 1627 1080 1685 τῶν
1103 1627 1235 1702 ποιητῶν

163 1718 200 1778 ni
220 1721 353 1797 γενναῖοι
380 1707 564 1796 γεγένηνται)
593 1735 645 1774 cur
676 1715 708 1774 in
734 1714 861 1775 Boeotia
894 1718 984 1791 atque
1012 1714 1043 1773 in
1075 1713 1235 1773 adiacenti-

168 1809 224 1868 bus
253 1805 426 1881 regionibus
457 1804 605 1880 imprimis
636 1807 759 1879 accepta
788 1803 895 1878 fuerit,
925 1822 995 1862 non·
1013 1803 1173 1862 mirabitur
1199 1803 1235 1877 is,

167 1896 220 1972 qui
242 1894 424 1968 meminerit,
452 1896 549 1952 totam
575 1893 660 1952 illam
689 1892 845 1970 regionem
868 1893 906 1951 ab
930 1891 1099 1951 hominibus
1124 1892 1235 1968 simpli-

167 1986 251 2044 cibus
282 1987 371 2060 atque
401 1982 521 2042 rusticis
553 1982 698 2041 incultam
727 1982 834 2056 fuisse,
867 1981 919 2057 qui
946 1983 1114 2040 accuratius
1145 2000 1235 2057 quam

169 2074 345 2150 oppidorum
377 2072 457 2132 cives
488 2071 655 2130 utilitatem
684 2069 818 2130 omnium
848 2089 951 2129 rerum
981 2073 1012 2129 et
1045 2073 1236 2146 negotiorum

167 2152 408 2239 observitencss).

166 2383 314 2451 amplexus
333 2383 383 2436 est.
403 2413 436 2422 —
453 2381 571 2436 Omnino
591 2383 686 2435 autem
707 2379 856 2436 Certamen
870 2381 985 2435 Homeri
1004 2383 1034 2436 et
1051 2380 1168 2434 Hesiodi
1184 2379 1236 2435 illo

168 2452 336 2506 Plutarcheo
364 2452 461 2505 libello
493 2451 633 2504 recentius
668 2467 727 2506 esse
754 2450 839 2505 certis
866 2451 1038 2520 argumentis
1069 2449 1238 2521 probaverat

170 2522 413 2578 Marckscheff.
432 2540 459 2590 p.
478 2527 522 2575 38.

244 2597 286 2660 17)
306 2591 544 2661 Goettlingius
561 2591 623 2662 ipse
637 2592 767 2647 hocloco
782 2593 934 2647 secundum
952 2592 1074 2648 Lobe'clr.
1094 2591 1235 2674 Aglaoph.

190 2705 196 2720 .
220 2669 272 2718 322
297 2681 360 2717 cum
384 2663 418 2718 de
442 2663 597 2732 Trophonii
618 2662 838 2732 Amphiaraique
865 2663 979 2719 oraculo
1007 2667 1069 2718 tum
1093 2665 1179 2717 stram
1202 2663 1237 2716 de

169 2683 308 2805 Delphico
331 2733 470 2804 Apollinis
495 2733 680 2805 cogitaverat,
704 2751 822 2804 quorum
845 2735 904 2790 vim
927 2737 1013 2804 atquc
1036 2734 1238 2790 auctoritatem

168 2809 279 2861 tantam
297 2805 382 2860 fuisse
401 2805 503 2860 diserte
522 2804 659 2874 exposuit,
678 2807 711 2860 ut
723 2805 851 2874 Boeotos,
869 2805 1054 2876 inprimisque
1068 2805 1237 2860 Boeotorum

169 2880 266 2947 pottas
284 2876 320 2930 iis
339 2893 368 2931 se
387 2876 554 2946 applicuisse
579 2893 612 2930 ex
631 2876 723 2931 verbis
742 2876 898 2932 Pausaniae
916 2877 972 2944 lX,
992 2883 1035 2944 40,
1056 2884 1069 2930 1
1089 2893 1141 2946 pro
1161 2879 1237 2932 certo

169 2947 338 3004 eredendum
358 2951 439 3004 esset.
477 2947 518 3002 Cf.
533 2946 657 3002 eiusdem
671 2946 725 3001 viri
738 2948 977 3012 dissertationem:
998 2949 1043 3003 die
1054 2947 1239 3016 delphischen

171 3019 295 3089 Spriiche
322 3018 353 3072 in
380 3019 442 3073 Ber.
462 3018 488 3072 d.
509 3019 603 3074 Stchs.
627 3017 691 3074 Ges.
714 3019 734 3072 Ι.
759 3037 787 3087 p.
811 3024 863 3073 298
883 3037 941 3088 seq.
961 3018 1035 3088 (Ges.
1055 3018 1197 3073 Abhandl.
1216 3020 1237 3074 1.

169 3107 197 3160 p.
216 3090 377 3158 sal-250).
414 3089 522 3144 Deinde
540 3093 691 3158 postquem
709 3089 739 3142 F.
760 3089 959 3144 Schultzins
978 3089 1007 3144 in
1025 3090 1127 3144 Philcl.
1146 3090 1238 3144 XXIV

170 3179 197 3230 p.
218 3165 359 3214 les-226
386 3176 401 3215 e
429 3161 497 3243 cod..
507 3160 580 3241 Med.
601 3159 650 3214 LX
661 3179 696 3241 n.
715 3166 732 3214 4
751 3176 861 3243 omnem
889 3161 1100 3243 proverbiorum
1123 3160 1238 3231 Delphi-

169 3232 454 3370 assereres
469 3231 1239 3383 trsmadescentis:stertet

170 3373 325 3428 Hesiodum
345 3373 431 3427 etiarn
455 3373 505 3426 alii
527 3373 573 3428 vel
595 3375 697 3442 poetae
719 3373 766 3427 vel
788 3373 950 3443 philosophi
975 3373 1089 3428 obnoxii
1112 3374 1238 3441 fuissent,

170 3443 356 3500 dubitandum
384 3461 445 3499 esse
472 3443 587 3498 censuit.
626 3443 671 3498 Sic
700 3443 774 3498 enim
801 3443 845 3498 vir
876 3444 1053 3500 doctissimus
1078 3445 1108 3498 in
1132 3445 1238 3500 Hister.

173 3515 269 3570 Gracc.
289 3517 310 3569 l.
330 3533 356 3584 p.
376 3519 428 3568 498
449 3515 503 3584 (ed.
522 3515 570 3569 IV.
589 3531 613 3569 a.
635 3516 729 3584 1874):
749 3514 886 3582 „Endlieh
904 3515 969 3570 tritt
985 3515 1033 3571 bei
1051 3515 1107 3570 den
1123 3515 1239 3571 Weisen

171 3587 229 3667 und
246 3585 397 3655 Dichtern,
421 3585 527 3668 welche
546 3585 610 3668 sich·
625 3603 661 3640 an
678 3584 783 3655 Delphi
801 3587 1018 3668 angeschlossen
1036 3587 1141 3653 haben,
1166 3587 1239 3642 auch

169 3656 1239 3809 retractasse‚suscepstisbertherus

172 3799 219 3852 ber
241 3796 394 3865 Hemodos,
417 3801 448 3854 in
471 3797 569 3870 dessen
588 3797 745 3854 Cedrchten
768 3798 819 3854 das
842 3799 963 3855 irdische
982 3800 1078 3854 Leben
1099 3817 1156 3855 von
1174 3801 1239 3856 dem

172 3867 332 3924 lrdhliehen
350 3869 463 3936 Glanze,
482 3871 537 3924 den
550 3869 655 3924 Homer
673 3869 794 3924 dariiber
811 3871 975 3940 ausbreitet,
993 3889 1065 3941 ganz
1084 3871 1240 3927 entkleidet

174 3937 326 4004 erscheint3
346 3955 375 3993 es
393 3939 431 3995 ist
449 3941 508 3994 ihm
527 3940 573 3994 ein
590 3940 766 4011 gesunkener
789 3941 847 3994 und
866 3942 1088 3998 verhiimmerter
1106 3942 1238 4010 Zustand,

174 4009 235 4065 eine
255 4009 378 4064 schwere
398 4010 513 4078 Schule,
536 4011 643 4066 welche
666 4011 716 4066 der
732 4010 849 4066 Mensch
867 4012 897 4067 in
915 4013 1035 4083 Uebung
1053 4014 1103 4068 der
1121 4013 1240 4082 Tagend

174 4081 416 4135 durchzumachen
438 4081 500 4150 hat,
529 4081 624 4136 indcm
643 4099 673 4136 er
691 4082 775 4136 dabci
792 4099 848 4137 von
865 4083 1025 4138 verkltrtcn
1045 4082 1175 4138 Geistem
1192 4084 1240 4139 be-

174 4151 308 4207 obachtet
333 4151 392 4206 und
410 4154 579 4208 unterstfitzt
597 4153 692 4211 wird.“
735 4152 870 4208 Eiusdem
901 4155 959 4210 fere
991 4155 1146 4210 sententiae
1179 4156 1239 4209 erat

174 4223 362 4278 Ahrensius
388 4224 418 4277 in
442 4222 504 4278 Ber.
523 4224 550 4278 d.
568 4223 670 4278 Philol.
690 4241 715 4280 a.
750 4227 817 4278 1852
842 4243 868 4294 p.
889 4232 922 4280 73
942 4243 999 4295 seq.
1023 4226 1073 4295 qui
1098 4225 1239 4279 nonnullis

173 4294 320 4350 extermis
339 4293 473 4348 sermonis
488 4293 622 4348 Hesiodei
640 4294 754 4350 dialecti
767 4294 920 4365 Delphicae
940 4295 1059 4367 vestigia
1072 4296 1112 4351 ibi
1127 4312 1239 4365 compa-
