2892 4902
223 318 300 366 XLII

223 465 396 526 temeritate
419 481 573 540 quarere
595 463 680 524 falsis
703 463 792 539 plane
812 463 1049 536 commiscerent,
1074 463 1294 539 adoptaverunt

223 555 254 628 ii,
277 553 329 630 qui
351 554 472 630 mythos
495 552 758 628 Indogermanicos
787 553 886 614 solent
913 569 1101 629 comparare,
1128 551 1161 610 in
1188 551 1291 612 multis

225 661 292 702 esse
315 641 462 702 lubricam
482 641 596 717 liquido
619 641 745 716 patebit.

314 731 524 808 Theogonis
551 748 655 805 porro,
688 749 764 805 quae
795 730 932 806 sequitur
961 729 1029 788 inde
1062 748 1081 788 a
1108 748 1199 790 versu
1227 730 1290 790 453

224 839 320 896 usque
343 820 381 878 ad
403 840 431 880 r.
456 822 534 892 962,
556 838 627 878 rere
650 821 697 878 est
720 818 844 896 antiqua
866 819 1094 879 Homericorum
1119 819 1292 894 carminum,

223 909 339 985 politici
357 907 541 986 argumenti,
564 908 664 968 aliena
677 908 715 968 ab
729 908 929 985 physiologia.
966 906 1064 977 Quare
1082 906 1114 966 in
1132 907 1189 966 hae
1207 910 1292 983 parte

223 1018 283 1059 non
316 996 562 1059 consentiendum
595 1000 641 1056 est
673 1015 741 1056 cum
768 997 954 1072 Hermanno,
987 995 1040 1072 qui
1066 995 1293 1072 explicationem

224 1087 462 1164 physiologicam
488 1087 570 1146 ultra
593 1085 815 1163 cosmogoniam
839 1087 943 1160 etiam,
971 1085 990 1143 i.
1014 1103 1039 1144 e.
1062 1085 1144 1144 ultra
1166 1105 1195 1145 r.
1218 1087 1290 1158 452,

226 1177 388 1236 extendere
416 1177 540 1235 conatus
570 1178 624 1234 est
672 1174 833 1234 Politicam
863 1193 935 1234 varo
968 1193 1036 1233 cum
1068 1173 1133 1234 dico
1164 1174 1293 1250 priscam

224 1264 433 1340 theogeniam,
460 1264 649 1324 intellectum
676 1264 708 1322 id
737 1282 772 1323 eo
800 1263 891 1323 velim
919 1281 1021 1338 sensu,
1046 1282 1135 1339 quem
1158 1282 1195 1322 ex
1218 1282 1293 1324 com-

224 1355 307 1413 muni
331 1354 512 1414 Graecorum
537 1352 687 1412 sententia
710 1352 848 1427 exposuit
869 1351 1094 1412 Aristoteles
1117 1351 1243 1426 Politl,
1261 1354 1292 1410 1:

223 1435 363 1514 καὶτοὺς
390 1435 483 1514 θεοὺς
511 1437 544 1502 δὲ
572 1434 622 1501 διὰ
649 1443 734 1500 τοῦτο
762 1431 870 1513 πάντες
898 1437 972 1516 φασὶ
999 1433 1223 1518 βασιλεύεσθαι,
1251 1434 1294 1501 ὅτι

222 1528 273 1590 καὶ
295 1525 380 1592 αὐτοὶ
403 1530 434 1590 οἱ
454 1526 508 1608 μὲν
530 1528 571 1590 t'n
599 1526 649 1590 καὶ
671 1531 743 1604 νῦν,
772 1529 803 1589 οἱ
824 1525 856 1588 δὲ
879 1522 911 1589 τὸ
934 1521 1058 1608 ἆρχοιῖον
1081 1522 1294 1607 ἐβασιλεύοντο.

224 1614 320 1699 ὥςπερ
348 1615 380 1679 δὲ
407 1617 455 1678 καὶ
483 1611 519 1678 τὰ
546 1617 611 1696 εἴδη
644 1615 761 1690 ἑαυτοῖς
787 1611 990 1696 ἀφομοιοῦσιν
1021 1607 1181 1696 ἅνθρωποι
1213 1606 1293 1679 οὗτοι

222 1706 272 1768 καὶ
304 1701 374 1781 τοὺς
405 1707 491 1787 βίους
522 1710 581 1768 τῶν
612 1709 704 1768 θεῶν.
749 1707 970 1782 Antiquissima
1001 1706 1079 1766 enim
1113 1705 1294 1767 Graecorum

222 1797 385 1873 theogonia
417 1796 507 1856 simul
543 1815 612 1856 cum
640 1798 742 1856 exorto
769 1814 877 1872 regno,
909 1795 1119 1871 antiquissima
1149 1796 1205 1854 illa
1236 1796 1294 1856 rei-

223 1886 362 1963 publicae
390 1886 538 1944 humanae
565 1885 675 1962 forma,
704 1885 874 1960 excogitata
902 1886 949 1943 est
971 1903 990 1943 a
1012 1883 1108 1960 primo
1131 1903 1218 1961 rege,
1243 1883 1294 1960 qui

222 1975 296 2034 item
319 1974 433 2050 primus
454 1973 592 2033 sacerdos
616 1976 694 2045 erat,
719 1973 766 2032 cui
784 1991 879 2034 novus
901 1992 1005 2032 rerum
1027 1973 1099 2032 ordo
1122 1992 1196 2048 prae
1219 1974 1293 2033 anti-

223 2067 314 2139 quato
338 2063 577 2138 patriarcharum
597 2054 788 2144 (φολᾶρχων)
811 2061 958 2138 regimine
979 2091 1017 2102 -
1036 2079 1108 2120 nam
1131 2065 1294 2138 antequam

224 2151 311 2211 unius
339 2151 428 2210 nutui
454 2151 566 2228 phylae
590 2169 643 2210 scu
666 2151 766 2210 tribua
788 2150 929 2226 politicae
951 2150 1112 2226 parebant,
1140 2151 1294 2211 subiectae

224 2240 362 2315 singulae
390 2239 518 2315 singulis
546 2243 632 2300 erant
659 2239 845 2316 principibus
874 2240 1054 2315 populorum
1077 2270 1119 2280 —
1148 2240 1294 2316 religione

225 2329 317 2389 etiam
339 2328 499 2388 videbatur
522 2329 698 2388 sanciendus
723 2347 797 2388 esse.

312 2417 361 2477 Ita
378 2417 493 2478 factum
513 2420 571 2491 est,
595 2421 631 2477 ut
648 2419 711 2478 tres
731 2419 854 2478 deorum
873 2418 989 2476 aetates
1004 2417 1166 2493 theogonia
1180 2415 1295 2478 Graeca

224 2510 352 2580 crearet,
375 2525 503 2583 quarum
525 2507 623 2583 prima
646 2511 693 2566 est
715 2507 839 2566 deorum
861 2505 1110 2566 materialium
1134 2497 1193 2585 (ita
1215 2507 1295 2566 enim

225 2596 329 2656 licebit
352 2586 478 2676 dicere),
508 2595 564 2654 sub
591 2595 722 2670 Imperio
750 2594 846 2669 Caeli,
875 2594 939 2654 sira
961 2613 998 2653 aa
1020 2597 1117 2668 aetas,
1141 2613 1219 2669 quae
1241 2615 1296 2654 nu·

225 2685 307 2743 mina
331 2684 584 2758 coemogonioa
605 2684 815 2759 complectitur
837 2683 918 2759 apud
941 2683 1118 2758 Hesiodum,
1142 2679 1294 2742 Oceanum

224 2775 255 2832 et
288 2772 409 2849 Tethyn
439 2773 518 2847 apud
545 2771 723 2848 Homerum,
760 2775 850 2848 atque
881 2773 990 2832 horum
1021 2771 1175 2832 numinum
1212 2770 1295 2846 apud

223 2861 388 2921 Hesiodum
415 2880 475 2920 non
503 2859 643 2922 definitus
670 2879 813 2920 numerus
841 2864 888 2920 est
911 2853 953 2942 (v.
978 2853 1070 2942 129),
1094 2858 1224 2919 secunda
1247 2862 1295 2920 est

223 2949 529 3027 patriarchalium
553 2949 617 3010 sive
641 2950 823 3023 Titanum,
856 2968 946 3025 quam
980 2948 1107 3021 Oronus,
1137 2948 1223 3008 Rhea
1255 2949 1294 3009 al.

223 3038 395 3100 conficiunt:
419 3040 527 3098 horum
545 3041 645 3098 certus
663 3057 806 3098 numerus
825 3040 884 3112 est,
908 3039 980 3097 sunt
1003 3037 1083 3097 enim
1106 3036 1294 3097 duodecim

225 3120 267 3208 (r.
288 3119 491 3207 133-137),
516 3145 568 3187 sex
586 3145 683 3187 mares
706 3120 892 3202 totidemque
910 3126 1039 3186 feminae
1058 3117 1100 3207 (v.
1119 3124 1293 3186 Gerhard.

224 3217 272 3275 die
300 3215 389 3276 zwdlf
415 3215 523 3275 Gdtter
549 3236 578 3292 p.
608 3209 657 3295 5),
688 3216 782 3276 tertia
803 3216 996 3292 regalium,
1023 3215 1056 3274 in
1083 3215 1192 3291 quibus
1215 3219 1292 3275 tres

225 3298 296 3366 sunt
309 3303 512 3380 potentissimi
525 3296 645 3386 (τριχθὰ
659 3297 756 3364 πάντα
770 3297 935 3384 δέδασται),
953 3305 1103 3380 Iuppiter,
1122 3303 1292 3380 Neptunus,

224 3393 327 3470 Pluto,
349 3393 394 3452 ita
416 3396 531 3470 tamen,
553 3398 589 3454 ut
607 3393 743 3469 Iuppiter
760 3394 850 3469 longe
868 3397 982 3454 ceteros
1002 3395 1137 3469 superet,
1161 3412 1220 3468 quo
1243 3412 1294 3469 ap-

223 3485 330 3558 pareat
362 3501 511 3541 summum
545 3501 610 3542 esse
642 3502 746 3544 unum.
797 3482 917 3541 Primae
949 3484 1050 3541 autem
1083 3482 1114 3540 et
1146 3481 1294 3540 secundae

224 3571 333 3632 aetatis
367 3571 422 3643 dii,
459 3571 511 3648 qui
541 3591 601 3632 uno
635 3571 777 3630 Titanum
808 3570 928 3630 nomine
957 3569 1294 3646 comprehendebantur,

224 3679 292 3720 cum
307 3659 525 3737 antiquissimis
544 3660 730 3734 temporibus
748 3660 862 3734 templa
879 3678 940 3718 non
957 3659 1103 3718 haberent
1121 3658 1154 3717 in
1167 3656 1295 3718 Graecia

224 3745 294 3826 (hoc
316 3748 431 3823 primus
455 3748 589 3808 omnium
611 3752 692 3808 recte
716 3749 884 3808 enucleavit
905 3747 1163 3820 Buttmannus,
1187 3750 1294 3822 postea

224 3837 426 3896 Muellerus
452 3838 549 3914 Myth.
569 3858 597 3913 p.
618 3839 682 3898 373
701 3840 732 3896 at
751 3835 989 3897 Gerhardius:
1013 3835 1115 3895 Ueber
1135 3835 1183 3894 die
1206 3835 1297 3895 auroli

225 3925 333 3986 Gotter
360 3946 389 4002 p.
413 3928 443 3987 4.
467 3921 516 4005 5),
544 3926 582 3986 ab
611 3926 741 4002 antiquis
768 3925 974 4002 mythologice
1002 3924 1133 3985 Graecae
1161 3924 1294 3986 condito-

223 4015 307 4074 ribus
331 4034 365 4075 eo
388 4015 548 4091 praecipua
571 4014 693 4075 consilio
718 4014 812 4074 additi
835 4016 919 4088 sunt,
942 4017 989 4087 ut,
1013 4013 1123 4074 exortis
1143 4014 1238 4072 semel
1257 4032 1294 4072 ex

223 4103 350 4162 materia
373 4103 476 4178 rebus,
503 4105 575 4164 novi
602 4104 695 4179 regii
717 4103 837 4181 imperii
859 4103 955 4162 maior
978 4103 1110 4179 dignitas
1138 4105 1170 4162 et
1193 4105 1294 4162 aucto-

223 4191 299 4250 ritas
328 4210 394 4251 esse
421 4192 588 4269 videretur,
616 4211 706 4267 quam
734 4193 926 4268 antiquorum
953 4194 1075 4267 patrum
1098 4209 1152 4252 seu
1175 4190 1295 4267 patri·

224 4281 415 4340 archarum
436 4280 553 4342 fuisset.
588 4280 654 4340 Hoc
671 4281 777 4357 igitur,
801 4299 868 4340 cum
887 4281 973 4356 quasi
992 4280 1080 4341 cardo
1100 4283 1181 4340 esset
1197 4281 1293 4340 totius

1428 4643 1435 4888 l
