2948 4896
1147 325 1223 376 XCV

146 461 205 530 καί
237 464 285 552 τῷ
316 459 562 552 Ἀκραγαντίνςο
598 460 775 549 Φαλάριδι.
822 461 1079 544 Ἀστυπαλαιεύς
1110 464 1141 532 δ’
1176 456 1222 552 ήν

145 571 193 660 τῷ
225 568 317 653 γένει
346 564 364 636 6
397 567 558 656 Φάλαρις,
592 565 638 649 ύς
670 567 771 650 αύτός
802 590 907 658 φησιν
935 572 1125 652 ἐπιστολαῖς
1148 585 1225 652 ταῖς

147 671 274 760 αύτού,
301 673 470 762 τύραννος
499 674 537 743 δέ
563 673 840 764 Ἀκραγαντίνων.
887 673 951 764 ἐγω
979 676 1017 746 δέ
1044 675 1106 748 οὐκ
1128 675 1220 766 άιιρι-

147 780 426 869 βολογησάμενος
440 779 701 870 Ἀκραγαντῖνον
721 781 860 852 ἐκάλεσα
876 787 917 872 τῇ
935 787 1035 874 κοινή
1052 792 1220 876 σννηθείᾳ

143 886 333 975 χρώμενος·
366 885 387 975 ή
417 887 455 956 δὲ
476 886 662 976 Ἀστυπάλη
689 888 788 969 πόλις
813 893 873 977 τής
894 890 1018 978 Σάμου
1041 893 1141 962 ἐστίν.
1188 896 1248 962 οίο

145 993 184 1062 δὲ
208 991 360 1082 Ὁμήρου
384 1001 611 1084 τετρακοσίοις
642 993 855 1083 ὑστερίζοντα
884 1001 986 1084 ἔτεσι,
1017 997 1108 1068 καθά
1136 1019 1220 1088 φησι

143 1101 201 1169 καί
213 1097 407 1189 Ἡρόδοτος.
431 1101 665 1188 συνεγράψατο
677 1098 908 1182 δὲὸτοιούτος
917 1099 1074 1184 Ἡσίοδος
1081 1109 1221 1191 βίβλους

144 1204 487 1294 ἑκκαίδεκα,“ομηρος
500 1206 537 1275 δὲ
551 1205 570 1275 6
585 1205 726 1287 παλαιὸς
742 1206 794 1295 ιγ’.
827 1211 963 1298 τελευτᾷ
982 1209 1020 1278 δὲ
1035 1208 1220 1292 ὁἩσίοδος

144 1317 181 1382 ἐν
212 1318 359 1402 Λοκρίδι
386 1313 661 1402 τοιουτοτρόποις.
706 1313 787 1403 μετά
815 1312 877 1402 τήν
905 1320 1005 1402 νίκην
1037 1313 1082 1404 ἢν
1114 1316 1218 1388 αὐτὸν

143 1417 359 1508 νενικηκέναι
378 1422 484 1508 φασὶν
503 1421 557 1488 ἐπὶ
574 1425 614 1518 τῇ
631 1425 767 1510 τελευτῇ
783 1419 1054 1509 Ἀμφιδάμαντος
1072 1427 1118 1504 εἰς
1134 1433 1218 1493 Δελ-
1231 1447 1269 1496 ιο

145 1525 235 1613 φούς
261 1526 524 1614 ἐπορεύθη,καί
548 1527 656 1615 ἐδόθη
679 1525 770 1622 αὐτῷ
795 1525 912 1596 ούτοσί
935 1525 953 1597 6
978 1529 1138 1618 χρησμός·

190 1667 310 1756 ὄλβιος
333 1659 432 1748 οὗτος
454 1665 541 1757 άνήρ
565 1665 603 1749 δς
625 1669 707 1757 ἐμὸν
731 1669 840 1758 δόμον
862 1667 1102 1758 άμφιπολεύει,

183 1773 360 1861 Ἡσίοδος,
382 1772 543 1864 Μούσῃσι
565 1777 735 1864 τετιμένος
757 1773 962 1866 άθανάτησι·

188 1886 254 1952 τού
279 1881 322 1970 δή
344 1907 397 1950 τοι
419 1883 515 1962 κλέος
538 1888 630 1952 ἔσται
653 1881 737 1952 ὅσον
759 1881 789 1952 τ’
815 1885 1024 1954 ἐπικίδναται
1045 1884 1142 1967 Ἠιός.“

187 1987 276 2058 άλλά
300 1985 386 2068 Διὸς
407 1989 577 2076 πεφύλαξο
601 1995 751 2079 Νεμείου
773 1990 937 2080 κάλλιμον
961 1988 1076 2074 άλσος·
1156 1999 1162 2012 “
1228 2013 1262 2064 ιο

186 2110 241 2165 κεῖ
265 2095 331 2185 γάρ
354 2121 407 2163 τοι
428 2096 599 2210 θανάτοιοΙ
618 2099 712 2178 τέλος
734 2099 952 2187 πεπρωμένον
976 2101 1077 2168 ἐστίν.

145 2234 161 2305 6
187 2238 225 2306 δὲ
252 2239 316 2326 τήν
341 2239 378 2309 ἐν
400 2237 650 2334 Πελοποννήσῳ
670 2241 806 2327 Νεμέαν
830 2239 949 2329 φυγάν
974 2243 1011 2310 ἐν
1035 2242 1141 2332 Οἰνόη
1159 2249 1217 2332 τής

145 2349 315 2434 Λοκρίδος
346 2343 412 2416 ὑπὸ
443 2343 676 2433 Ἀμφιφάνονς
702 2346 758 2414 καὶ
785 2345 1013 2434 Γανύκτορος,
1045 2353 1114 2417 τύυ
1149 2357 1216 2438 Φη-

146 2452 229 2536 γέως
253 2457 396 2538 παίδων,
419 2451 606 2540 άυαιρείται
627 2453 684 2520 καί
698 2453 846 2540 ῥίπτεται
871 2457 920 2534 εἰς
941 2452 1003 2540 τήν
1026 2455 1217 2543 θάλασσαν,

146 2553 191 2638 ως
213 2564 361 2646 φθείρας
383 2560 446 2646 τήν
469 2555 622 2647 ἀδελφήν
645 2561 783 2628 ἐκείνων
803 2560 991 2648 Κτιμένην,
1015 2561 1048 2642 ἐξ
1068 2553 1109 2648 ής
1127 2564 1267 2649 ἐγεν-ιο

145 2663 237 2753 νήθη
268 2671 490 2754 Στησίχορος·
524 2667 671 2735 ἐκαλεῖτο
702 2666 741 2734 δέ
767 2663 788 2754 ἡ
818 2665 925 2754 Οἰνόη
954 2664 1040 2747 Διὸς
1067 2674 1218 2757 Νεμείου

33 2841 34 2862 ¹
149 2772 251 2858 ίερόν.
297 2772 378 2860 μετά
409 2771 446 2841 δέ
472 2779 589 2860 τρίτην
612 2770 740 2862 ἡμέραν
763 2770 830 2842 ὑπὸ
856 2777 1027 2860 δελφίνων
1049 2775 1135 2863 πρὸς
1155 2773 1216 2845 τὸν

33 2863 34 2900 ³
147 2877 304 2964 αἰγιαλόν
328 2877 452 2966 ἐξήχθη
475 2878 513 2948 τὸ
538 2884 633 2968 σῶμα
656 2879 777 2968 μεταξὺ
796 2886 963 2971 Λοκρίδος
982 2883 1038 2950 καὶ
1057 2881 1215 2970 Εὐβοίας,

146 2987 199 3053 καί
223 2992 360 3066 ἔθαψαν
384 2984 489 3066 αὐτὸν
513 2987 641 3076 Λοκροὶ
664 2989 702 3055 ἐυ
724 2989 840 3078 Νεμέᾳ
861 2992 920 3076 τής
943 2987 1076 3075 Οἰνόης.
1122 2993 1158 3058 οἰ
1178 2989 1216 3057 δὲ

147 3107 263 3177 φονεῖς
286 3091 390 3162 αὐτοῦ
415 3092 497 3181 νηὸς
520 3093 694 3181 ἐπιβάντες
716 3096 896 3182 ἐπειρῶντο
921 3109 1054 3183 φνγείν,
1077 3100 1214 3184 χειμῶνι
1225 3112 1266 3163 2ο

148 3198 184 3266 δέ
208 3199 453 3288 διεφθάρησαν.
497 3199 703 3290 Ὀρχομένιοι
732 3200 768 3269 δὲ
792 3199 934 3291 ὕστερον
957 3201 1039 3271 κατὰ
1063 3203 1215 3293 χρησμὸν

216 3521 250 3577 V.
271 3528 286 3575 1
312 3515 570 3583 Ἀστυκαλυιεύς-
585 3521 619 3577 V.
635 3527 660 3576 6.
680 3516 755 3576 ἐστίν
774 3539 828 3578 om.
856 3521 1032 3578 Westerm.
1062 3523 1215 3581 Schoem.

216 3591 250 3647 V.
270 3598 295 3647 6.
323 3587 566 3664 ὑστερίζοντα]
588 3591 634 3648 Sic
648 3592 713 3649 Vnt.
741 3593 835 3663 Vulgo
848 3588 1002 3663 ὑστέριζον,
1017 3595 1049 3648 ut
1063 3592 1213 3652 Schoem.

217 3662 250 3718 V.
270 3667 296 3717 8.
333 3657 593 3719 6’6Westerm.

217 3735 249 3791 V.
272 3739 313 3790 16.
350 3741 410 3789 κεῖ
422 3730 504 3806 γάρ]
538 3733 908 3805 Sicseripsitwesterm.
943 3751 1007 3790 cum
1031 3735 1091 3791 cod.
1115 3736 1214 3792 Ρ.καί

150 3799 202 3873 γάρ
220 3825 263 3859 τοι
281 3821 346 3874 pars
366 3805 445 3861 codd.
465 3836 499 3845 —
518 3809 598 3860 κεῖθι
621 3804 654 3862 δέ
677 3823 712 3860 ex
735 3805 809 3861 (lert.
833 3804 1038 3876 Goettling„
1067 3809 1117 3877 qui
1140 3809 1211 3864 coni.

149 3876 294 3946 proposuit
311 3876 360 3930 ιιαλ
378 3872 433 3946 γὰρ
453 3871 520 3934 ἐκεῖ.
558 3876 604 3932 Sic
622 3876 709 3933 etiam
728 3876 877 3932 Schoem.

219 3947 252 4002 V.
272 3953 315 4002 21.
353 3942 368 4002 6
389 3948 561 4018 Στησίχορος
578 3947 754 4004 Westerm.

215 4018 248 4073 V.
268 4025 311 4075 23.
349 4014 512 4090 Εὐβοίας]
533 4018 578 4074 Sic
597 4019 682 4075 etiam
701 4019 761 4076 cod.
777 4019 952 4088 Geminis,
970 4019 1043 4075 unde
1061 4020 1219 4078 hauserunt.

150 4086 302 4214 εοιίρλοιοε.
339 4089 394 4144 Sed
412 4090 442 4144 in
461 4089 619 4146 Certamine
637 4108 687 4162 pro
707 4093 876 4146 ΕΤΒΟΙΑΣ
896 4092 960 4148 fort.
979 4095 1146 4156 Βοιωτίας
1172 4092 1217 4148 le-

151 4173 202 4225 gen
220 4178 267 4215 um
286 4163 336 4217 est.

216 4231 249 4286 V.
268 4237 311 4286 λδ.
348 4226 474 4304 αύτού]
508 4232 554 4288 Sic
571 4233 637 4290 Vat.
674 4234 768 4304 Vulgo
786 4229 897 4291 τούτου.

217 4302 249 4358 V.
269 4309 311 4358 26.
349 4297 377 4358 δ’
398 4296 517 4374 ὕστερον
536 4304 713 4362 Westerm.
