2904 4900
577 311 852 368 FRAGMENTA.
870 355 872 360 .
1009 332 1011 335 ·
1183 313 1245 378 341

249 467 286 550 ὃς
309 470 346 539 δέ
368 470 452 540 κακά
475 478 612 560 σπείρει,
635 479 747 559 θεριεί
766 472 850 541 κακά
872 473 976 560 κήδεα
997 480 1122 543 παισίν.

254 597 408 666 Utrumque
431 614 542 651 versum
568 594 599 650 in
626 597 770 653 sententiis
792 598 908 653 Hesiodi
930 598 1016 653 fuisse
1039 599 1080 656 ile
1103 602 1134 654 ut
1158 601 1248 655 altera
1279 603 1285 606 “

181 686 323 741 sententia
340 686 442 740 fuerit:-

249 798 281 860 εί
300 792 384 861 κακά
407 820 457 872 τις
479 799 624 882 σπείραι,
646 793 730 862 κακά
753 795 872 883 κέρδεα
895 794 925 863 κ’
951 795 1125 884 άμήσειευ·

249 909 282 967 ελ
296 926 332 967 κε
350 899 396 989 (εί
414 899 487 988 dil)
506 900 612 969 πάθοι
630 900 671 969 τά
689 899 720 968 κ’
738 904 837 988 ἔρεξε,
857 905 932 989 δίκη
951 901 983 969 κ’
1005 908 1096 970 ἰθεῖα
1115 904 1246 988 γίνοιτο

182 1024 305 1080 coniecit
321 1024 505 1097 Ludwicli]

561 1151 733 1218 esxvm.
762 1150 865 1240 (ωε.)

254 1275 364 1330 Schol.
383 1275 460 1329 Ven.
475 1275 506 1328 ll.
521 1273 594 1344 XXI,
608 1280 673 1330 528:
700 1276 794 1344 Τρῶες
807 1271 886 1345 άφαρ
905 1274 1055 1330 κλονέοντο
1074 1271 1244 1347 πεφυζότες]

173 1357 265 1419 Ὅθεν
295 1359 409 1432 άφυζαν
436 1357 486 1417 τὸν
514 1363 615 1418 λέοντα
638 1358 767 1427 Ἡσίοδός
795 1384 872 1434 φησι.
921 1365 959 1419 Μ.
982 1365 1108 1421 Islerus
1136 1364 1247 1431 Quaest.

180 1452 245 1507 Hes.
265 1470 292 1521 p.
309 1458 341 1507 18
360 1446 471 1520 ἅφυζον
491 1452 641 1523 legendum
660 1470 719 1508 esse
734 1454 861 1509 coniecit.
896 1453 964 1525 [Sed
983 1455 1016 1509 ef.
1032 1454 1152 1508 alierum
1167 1453 1246 1508 scho-

179 1541 241 1596 lion
259 1535 330 1596 ὅθεν
346 1535 459 1610 άφυζαν
473 1536 565 1604 Ἴωνες
584 1536 704 1597 έκάλουν
723 1537 773 1596 τὸν
791 1540 891 1597 λέοντα
909 1543 1030 1614 Herm]

576 1703 716 1769 somn.
745 1702 848 1791 (ου.)

254 1827 408 1882 Clemens
431 1826 611 1884 Alexandr.
632 1826 745 1882 Cohori.
765 1845 792 1897 p.
812 1833 854 1881 63.
875 1828 978 1883 Strom.
998 1827 1031 1882 V.
1050 1845 1077 1897 p.
1097 1833 1148 1882 257
1168 1826 1245 1896 sylb.

181 1916 224 1985 (Τ,
239 1915 286 1969 III.
305 1933 332 1984 p.
348 1920 381 1968 93
396 1914 504 1984 Dind.):
523 1910 612 1987 ταάτη
631 1936 674 1970 τοι
692 1915 741 1970 καλ
760 1910 775 1970 ὁ
793 1910 932 1986 Ἀστραῖος
951 1914 1103 1971 αἰνίττεται
1117 1912 1246 1978 Ἡσίοδος

181 2000 231 2059 τὸν
249 2001 334 2058 θεόν·

250 2109 350 2191 αὐτὸς
371 2109 435 2199 γὰρ
458 2110 594 2179 πάντων
617 2111 774 2199 βασιλεὺς
796 2114 851 2180 καλ
873 2111 1032 2199 κοίραυός
1056 2114 1145 2180 ἐστιν

248 2213 444 2286 άθανάτων·
468 2221 513 2309 τῷ
538 2216 569 2284 d'
596 2217 688 2298 οὔτις
710 2217 881 2306 ἐρήρισται
903 2217 1025 2305 κράτος
1047 2218 1155 2298 ἄλλος.

181 2342 216 2396 ln
233 2342 297 2397 loeo
315 2342 408 2411 priore
426 2341 531 2412 legitur
548 2336 706 2396 ἀθανάτων
725 2361 754 2397 τε
775 2337 790 2396 ὁ
812 2337 852 2410 θ’,
869 2343 899 2396 in
917 2342 1071 2412 posteriore
1090 2337 1248 2397 άθανάτων

182 2428 230 2486 σέο
250 2425 289 2501 d’,
306 2447 358 2500 pro
377 2447 432 2499 qno
446 2429 568 2484 Buttm.
589 2428 634 2486 Gr.
650 2431 669 2486 l.
684 2449 712 2500 p.
728 2435 786 2518 3313λ
800 2425 957 2484 ἀθανάτων
975 2427 1006 2484 τί
1021 2428 1050 2485 ολ
1067 2427 1152 2500 οὔτις,
1172 2431 1248 2499 quod

163 2519 492 2596 1ταοομὶλλλτιτολιιολι.
529 2518 584 2574 Pro
604 2514 680 2574 ἐστίν
699 2520 779 2576 codd.
800 2515 867 2575 ἐσσί,

599 2680 721 2749 ccxx.
750 2679 832 2769 (ιτ.)

253 2805 408 2860 Eustath.
428 2806 464 2860 ad
482 2806 514 2864 IL
533 2825 560 2876 p.
582 2810 645 2860 125:
673 2800 751 2859 καθὸ
771 2806 820 2860 καλ
843 2802 1014 2874 ἡναντίωται
1032 2806 1115 2858 τοῦτο
1134 2803 1171 2873 τῷ
1191 2797 1246 2872 πρὸ

157 2881 272 2949 ἀὐτοῦ
292 2894 330 2965 τῷ
350 2895 495 2958 παντελῶς
512 2891 687 2966 ταυτοφάνῳ
707 2925 740 2934 -
760 2894 809 2948 καλ
822 2889 963 2957 Ἡσίοδος·

502 3003 614 3069 Φυλέα
637 3007 738 3089 φίλον
762 2999 945 3087 μακάρεσσι
968 3010 1088 3068 θεοῖσι.

181 3125 289 3182 Herm.
303 3128 379 3181 reete
394 3127 500 3195 Φυλῆα.
535 3125 578 3198 [V,
594 3125 751 3180 Eusteth.
765 3143 792 3195 p.
809 3131 868 3195 126,
885 3131 926 3182 11.
945 3143 972 3195 p.
988 3132 1047 3195 797,
1062 3131 1104 3181 45.
1139 3124 1246 3179 Herm.

181 3214 215 3270 V.
233 3213 423 3284 fragmentum
441 3214 552 3284 plenius
571 3214 689 3270 CLXIV.
704 3215 745 3286 b.]

577 3375 717 3442 donn.
745 3374 849 3465 (ιω.)

254 3497 363 3554 Schol.
380 3500 488 3554 Ambr.
509 3498 560 3554 Od.
580 3499 626 3566 XI,
645 3505 710 3554 325:
748 3497 881 3569 Κλυμένη
900 3493 1016 3552 Μινάου
1034 3498 1084 3551 τοῦ
1104 3499 1249 3552 Ποσειδῶ·

181 3605 231 3649 νος
258 3587 307 3641 καλ
329 3582 534 3657 Εὐρυανάσσης
568 3588 617 3657 τῆς
646 3583 841 3658 Ὑπέρφαντος
871 3589 1033 3657 γαμηθεῖσα
1063 3581 1182 3658 Φυλάκην
1210 3586 1248 3658 τῷ

182 3675 311 3745 Δηΐωνος
323 3672 449 3745 Ἴφικλον
463 3679 551 3732 τίκτει
570 3673 703 3732 τοθάκεα
717 3679 820 3732 παῖδα·
839 3662 941 3731 τοῦτον
960 3673 1036 3745 λέγει
1054 3671 1103 3729 διά
1121 3670 1174 3743 τὴν
1192 3675 1248 3728 τῶν

181 3767 279 3821 ποθῶν
298 3761 403 3837 άρετήν
423 3767 650 3837 συναμιλλᾶσθαι
673 3773 732 3829 τοῖς
755 3763 871 3837 άνέμοις
895 3762 945 3820 luc
966 3784 996 3819 τε
1019 3765 1076 3819 τῶν
1099 3760 1248 3833 άσταγάων

181 3853 348 3925 διέρχεσθαι
366 3854 414 3909 καλ
433 3851 481 3910 διά
501 3855 551 3910 τοῦ
572 3851 686 3918 ττάθους
705 3851 757 3924 τὴν
771 3850 935 3924 κουφότητα
950 3849 1010 3924 (μὴ)
1028 3853 1164 3921 περικλᾶν
1182 3847 1250 3916 τούς

181 3938 305 4010 άθέρας·
326 3941 397 3999 ἔνιοι
416 3941 448 3999 δέ
468 3939 560 4012 αὐτὴν
578 3940 631 4013 τὴν
645 3943 795 4012 Κλυμένην
809 3943 1035 4013 προγαμηθῇναί
1051 3960 1139 4012 φασιν
1155 3937 1248 4014 Ἡλίῳ,

183 4028 213 4098 ἐξ
232 4024 266 4100 ἧς
285 4031 409 4087 Φαέθων
428 4027 541 4101 ἐγένετο
559 4039 639 4095 ταῖς·
659 4029 677 4101 ἡ
697 4029 729 4086 δέ
749 4029 856 4100 ίοτορία
874 4027 952 4100 παρά
970 4027 1100 4103 Ἡσιόδῳ.

253 4120 410 4176 Eustath.
433 4121 470 4176 ed
487 4121 519 4174 ll.
544 4138 572 4190 p.
592 4125 658 4175 245:
690 4119 755 4188 περὶ
778 4111 811 4174 οὖ
837 4113 977 4189 (Ἰφίκλου)
1002 4119 1094 4187 δηλῶν
1114 4114 1249 4188 Ἡσίοδος,

182 4203 227 4264 ὅτι
245 4205 378 4278 ταχίτητι
397 4205 556 4278 διήνεγκεν,
576 4205 629 4264 οὐκ
644 4205 768 4278 ὤκνησεν
789 4202 835 4262 ἐπ’
857 4201 945 4261 αὐτοῦ
965 4202 1073 4276 ταάτην
1087 4206 1179 4263 εἰπεῖν
1197 4204 1249 4275 τὴν
1303 4192 1306 4204 ’

181 4293 354 4369 ὑπερβολήν·
416 4322 429 4330 ‘
