2948 4896
207 315 228 380 6
652 319 822 372 monor

207 475 316 544 Γαῖαν
338 473 363 543 τ’
388 473 549 544 Ὠιιεανόν
572 502 606 544 τε
630 476 747 563 μέγαν,
769 474 825 541 καὶ
849 472 967 542 Νύκτα
990 476 1164 562 μέλαιναν,
1245 495 1281 545 20

116 617 118 626 ¹
208 580 368 652 ἅλλοντ’
394 581 578 652 ἀθανάτων
601 580 694 669 ίερὸν
717 583 816 668 γένος
839 581 913 649 αίέν
937 581 1073 650 ἐόντων.
1149 599 1150 610 ’

206 693 245 756 ιιί
264 689 308 759 νύ
332 687 414 759 ποθ’
436 688 597 759 Ἡσίοδον
620 689 727 776 καλὴν
751 690 908 770 ἐδίδαξαν
931 687 1065 776 ἀοιδήν,

207 794 313 884 ἄρνας
335 795 550 885 ποιμαίνονθ’
572 794 755 877 Ἑλικῶνος
776 793 844 865 ὕπο
868 798 1011 878 ζαθέοιο.
1056 814 1066 850 ³

204 902 306 972 τόνδε
330 906 370 972 δέ
390 930 430 992 με
452 902 621 992 πρώτιστα
644 904 723 972 θεαὶ
745 902 831 992 πρὸς
852 907 968 990 μῦθον
992 907 1117 989 ἔειπαν,

205 1015 345 1078 Μοῦσαι
365 1008 597 1099 Ὀλυμπιάδες,
619 1015 741 1099 ιιοῦμαι
765 1008 850 1090 Διὸς
873 1009 1055 1098 αἰγιόχοιο·
1243 1029 1278 1079 25

295 1120 461 1203 Ποιμένες
482 1116 655 1206 ἄγραυλοι,
677 1115 751 1186 κοίν’
778 1119 921 1204 ἐλέγχεα,
944 1119 1100 1205 γαστέρες
1124 1115 1209 1203 οἷον,

205 1313 285 1368 Unts.
304 1331 331 1384 p.
351 1319 368 1367 4
386 1331 453 1382 seq.,
472 1315 502 1368 et
518 1317 663 1385 praeterea
678 1315 786 1375 Herm.
806 1313 842 1368 ud
857 1314 942 1384 Orph.
956 1332 984 1384 p.
1000 1321 1069 1382 819,
1088 1313 1216 1368 Nuekii
1230 1331 1276 1385 op.
1322 1355 1326 1364 .

205 1385 226 1453 Ι,
246 1402 273 1454 p.
293 1389 354 1440 222.
403 1380 595 1456 ἄγκολόμητιν
614 1385 673 1442 Mt.
697 1385 698 1390 ’

278 1455 312 1510 V.
332 1462 375 1512 24.
415 1455 550 1529 έειπαν]
575 1457 621 1512 Sic
648 1457 704 1512 Vi.
746 1456 838 1512 Ceteri
862 1452 968 1510 ἔειπον.
1009 1455 1095 1522 Illud,
1121 1455 1155 1509 ut
1179 1454 1278 1522 rarius,

207 1527 283 1598 apud
306 1526 459 1583 Hesiodum
484 1531 545 1583 erat
567 1527 789 1599 praeferendum.
827 1527 873 1582 Sic
897 1528 972 1598 apud
990 1526 1150 1582 Herodct.
1169 1525 1196 1601 I,⁸
1215 1531 1277 1581 120.

205 1613 302 1654 omnes
316 1597 378 1654 fere
389 1598 497 1655 codices
518 1596 612 1669 εἶπαν,
631 1619 702 1656 unus
722 1597 810 1655 εἷπον.
834 1599 889 1654 Pro
904 1594 1080 1668 πρώτιστα
1097 1597 1151 1652 Rh.
1169 1597 1276 1666 πρῶτα.

204 1777 306 1832 sterius
321 1776 462 1832 adiectum
477 1793 537 1832 esse
550 1796 577 1832 v.
594 1783 645 1846 18.,
665 1778 715 1832 sed
768 1794 814 1832 me
832 1777 974 1844 siderent,
993 1775 1132 1845 vituperio
1150 1791 1195 1830 me
1214 1791 1278 1844 per·

204 1846 234 1901 in
270 1849 363 1902 Iocum
398 1847 525 1917 ineptum
556 1849 713 1915 traiectum,
768 1847 940 1901 strinxerunt
982 1848 1098 1916 propter
1138 1845 1277 1901 desidiam

203 1934 268 1972 cum
286 1916 429 1972 debuisset
446 1919 511 1987 post
531 1937 557 1972 v.
581 1924 623 1972 20.
646 1917 712 1987 legi.
767 1917 947 1987 pastoralem.

203 1989 276 2043 Mihi
294 1988 464 2044 contrarium
482 1988 601 2043 videtur.
639 1988 712 2041 Num
801 1987 835 2042 V.
864 1993 907 2043 26.
949 1985 1116 2058 ποιμένες
1147 1981 1277 2056 ἄγραν·

203 2061 318 2129 propter
337 2058 458 2114 similem
477 2057 583 2112 exituln
600 2058 712 2113 ultima·
766 2060 818 2112 λοι
838 2088 872 2098 -
892 2055 1056 2126 γαστέρες
1075 2053 1165 2143 οἷον]
1184 2057 1277 2113 Ηοιιι.

203 2148 265 2186 rum
284 2129 455 2198 syllsbsmm
471 2145 602 2184 versuum
622 2135 664 2184 17.
684 2131 714 2184 ct
765 2129 798 2182 II.
812 2128 913 2196 XVIII,
928 2133 993 2194 1623
1011 2123 1049 2190 ὡς
1063 2122 1093 2181 δ’
1109 2123 1166 2182 ἄπο
1183 2126 1279 2200 cuipa-

205 2205 245 2254 18.
260 2199 344 2254 faciIe
362 2200 423 2256 fieri
440 2200 548 2270 potuit,
565 2203 597 2254 ut
615 2201 651 2256 ab
670 2201 711 2255 sl·
765 2218 812 2261 τος
836 2195 898 2254 οὔτι
921 2193 1013 2255 λέοντ’
1034 2199 1151 2254 αἴθωνα
1167 2195 1275 2253 δίναν-

203 2272 264 2325 tero
282 2287 365 2326 verso
379 2271 416 2326 sd
435 2272 556 2326 alterum
570 2271 713 2328 aberraret
766 2291 813 2330 τοι
822 2269 964 2342 Ποιμίνες
977 2265 1115 2339 topasius
1129 2266 1202 2338 μέγα
1213 2288 1275 2324 πει-

202 2341 349 2411 librarius,
371 2345 471 2413 postea
494 2344 601 2413 antem,
629 2343 712 2399 intel-
766 2337 874 2397 ναίοντα
892 2343 1016 2396 δίεσθαι.
1035 2339 1275 2410 Epimenides,

203 2413 402 2483 lectionem,
426 2413 457 2468 in
475 2415 631 2484 marginem
649 2415 712 2470 reii-
766 2430 850 2482 quem
881 2413 1000 2468 Wolfius
1033 2410 1167 2481 allegavit
1199 2411 1276 2479 upnd

203 2487 280 2540 ceret
292 2485 475 2556 versiculum,
489 2503 572 2554 quem
589 2488 713 2556 prseter—
766 2485 925 2540 Paullum
957 2483 1128 2554 apostolum:
1166 2482 1278 2550 Κρῆτες

202 2555 283 2610 ierat.
328 2555 401 2611 Hinc
434 2573 570 2628 apparere
601 2558 713 2612 videtur
767 2551 814 2612 οίελ
827 2556 960 2626 ψεῦσται,
975 2552 1050 2610 κατὰ
1064 2555 1163 2622 θηρία,
1178 2552 1277 2623 γαστέ-

202 2627 261 2682 ism
279 2627 434 2696 antiquitus
453 2646 481 2684 se
498 2629 638 2699 excepisse
652 2646 711 2684 ver·
767 2647 814 2695 οες
833 2623 926 2696 ἀργαί.
963 2625 1052 2691 Quem
1070 2625 1197 2680 imitatus
1216 2641 1278 2680 esse

205 2703 376 2753 sns18.19.
766 2698 878 2752 videtur
906 2697 1047 2752 Theocr.
1075 2697 1115 2752 Id.
1144 2695 1203 2765 XV,
1228 2702 1277 2750 50:
1384 2747 1389 2756 ,

237 2769 271 2824 V.
292 2774 334 2826 18.
353 2767 526 2842 λαμπράν]
547 2771 712 2826 Hermen·
766 2763 896 2830 ἄλλοίλοις
915 2763 1029 2838 ὁμαλοί,
1050 2763 1129 2822 ,sunit
1147 2769 1277 2836 παίγνια,

202 2857 263 2894 nus
284 2839 368 2910 Opus.
389 2840 438 2897 VI.
456 2859 483 2912 p.
506 2848 563 2896 163.
584 2843 711 2896 consten-
765 2834 872 2900 πάντες
886 2833 981 2908 έρειοί.
996 2837 1042 2892 Sic
1052 2838 1187 2909 scriptum
1197 2855 1277 2908 opor-

201 2912 261 2965 tem
275 2911 304 2965 in
319 2911 400 2967 libris
410 2913 560 2968 lectionem
570 2907 713 2982 λαμπράν,
765 2905 823 2964 tuit
831 2926 899 2980 cum
910 2909 1026 2978 optimis
1039 2909 1135 2977 codd.;
1151 2909 1186 2964 cf.
1201 2925 1275 2977 quae

202 2985 387 3038 sustentatam
413 2983 511 3052 etism,
539 2985 572 3037 ut
597 2981 710 3037 videba-
766 2979 1111 3050 adnotavitZieglerus.
1137 2979 1276 3036 Similiter

201 3055 255 3122 tur,
274 3070 293 3108 α
311 3053 421 3110 Schcl.
441 3053 504 3108 Eur.
527 3053 631 3107 Phoen.
653 3059 711 3106 175.
766 3052 857 3105 Hom.
868 3052 900 3106 II.
913 3051 946 3108 V.
959 3057 1025 3107 787:
1039 3049 1138 3121 αἰδώς,
1151 3045 1276 3121 Ἀργεῖοι,

202 3125 232 3178 et
257 3125 388 3196 Apellen.
416 3125 464 3192 IV,
494 3131 536 3178 54.
568 3122 711 3194 praetulit.
766 3117 829 3176 κάκ’
842 3118 967 3194 ἐλέγχεα,
978 3119 1054 3184 εἶδος
1065 3117 1172 3192 ἀγητοί.
1192 3121 1276 3178 Cete-

201 3195 280 3249 Idem
312 3195 401 3251 sensit
429 3193 712 3250 Schneidewinus
766 3211 828 3248 rum
838 3193 1095 3250 videturincertum
1106 3195 1277 3262 essentium

201 3265 297 3323 Exere.
317 3265 378 3322 crit.
399 3283 426 3336 p.
447 3273 503 3334 41,
524 3265 574 3334 qui
598 3267 713 3335 propter
766 3264 901 3346 ποιμένες
914 3265 952 3320 sit
965 3264 1152 3320 nominativus
1171 3281 1208 3318 en
1226 3281 1275 3320 vo·

202 3353 296 3404 scum
309 3357 330 3391 π
344 3335 482 3392 sociatum
497 3355 513 3406 η
531 3334 637 3405 fugisse
653 3336 712 3405 opi·
767 3339 887 3404 cutinus,
919 3342 1004 3406 quem
1035 3335 1158 3406 praefert
1190 3335 1275 3389 Her-

202 3411 285 3462 nutur
304 3407 405 3478 epicos.
439 3407 526 3462 Recte
545 3409 640 3462 sutem
658 3407 712 3462 for·
766 3423 915 3463 mannus.
946 3405 1273 3463 Sustentutmimittitio·

202 3496 278 3533 mam
304 3474 436 3548 λαμπράν
462 3477 509 3532 hic
539 3479 568 3532 et
599 3496 624 3532 v.
660 3485 711 3532 311
766 3495 802 3534 ne
833 3479 987 3535 Timonis
1023 3477 1127 3532 Phlius.
1160 3477 1206 3534 IV.
1244 3476 1275 3530 in

203 3550 240 3605 ad
259 3549 414 3604 dialectum
430 3548 594 3604 Boeoticcm
614 3549 713 3605 retulit
765 3549 910 3606 Brunck.
928 3549 1009 3606 Anal.
1028 3549 1062 3604 11.
1080 3567 1109 3635 p.
1134 3555 1182 3604 68:
1211 3546 1294 3618 cxi·-

201 3619 323 3675 stch.
348 3618 464 3676 Dialekt
479 3638 507 3690 p.
523 3625 583 3677 396.
612 3621 711 3690 Itaque
765 3625 836 3676 τλιοι
859 3617 1023 3690 ἄνθρωποι,
1050 3615 1114 3675 καιί
1149 3617 1212 3689 έλέγ
1231 3637 1275 3687 sc,

201 3692 275 3746 male
289 3686 420 3760 λαμπρήν
436 3690 651 3747 tueriGcettI.
665 3709 713 3748 co—
739 3690 899 3762 ’γαστέρες
918 3688 994 3761 οἷον,
1012 3694 1103 3746 ποίαν
1122 3689 1153 3747 ἔκ
1172 3686 1194 3746 τ’
1213 3637 1274 3761 ipl-

201 3764 285 3816 nutus
308 3761 376 3816 crat.
396 3793 430 3802 —
456 3763 584 3818 Alterum
602 3763 712 3819 Boeoti·
767 3765 825 3818 δαν
852 3762 901 3818 καλ
924 3758 1104 3834 λεσγομίιγων
1131 3758 1274 3830 πεπλάνη-

202 3837 251 3887 cse
270 3830 384 3887 dialecti
401 3833 593 3890 testimonium
610 3833 711 3890 codici·
766 3837 833 3902 οδες
846 3833 984 3903 Quicquid
997 3833 1179 3900 statuatur,si
1193 3834 1275 3888 eddi-

200 3903 253 3958 bus
268 3905 410 3959 servatum
424 3905 549 3961 invenies
560 3905 635 3961 Scut.
651 3911 711 3975 199,
765 3907 812 3960 tur
827 3907 916 3976 ἴδμεν,
935 3904 1012 3960 idem
1025 3905 1055 3960 id
1068 3906 1146 3960 velet
1159 3907 1274 3976 propter

201 3973 251 4029 ubi
270 3975 303 4031 cf.
323 3974 418 4032 adnot.
645 4002 647 4006 ·
767 3976 974 4047 oppositionem
987 3976 1183 4045 necessariam,
1202 3993 1235 4031 sc
1250 3975 1274 4030 si

237 4045 271 4103 V.
290 4052 332 4101 23.
366 4047 408 4102 De
429 4063 545 4104 caesura
567 4045 711 4103 trochaica
765 4048 881 4103 dixisset
898 4041 981 4118 ἡμεῖς
999 4045 1031 4102 ei
1046 4048 1165 4103 Μοῦσαι
1184 4049 1274 4118 ἴδμεν.

201 4116 460 4245 bn'plusrtowpede
488 4138 514 4174 v.
542 4118 649 4175 Herm.
675 4119 711 4174 sd
763 4119 854 4244 ninii
864 4115 942 4245 sipia,
966 4119 1041 4202 qued
1064 4119 1207 4245 pdizctum
1232 4118 1276 4241 esp

286 4232 419 4246 ...
765 4205 1254 4246 uesiosicenrsu

229 4198 271 4315 i.
296 4208 339 4316 ii.
383 4256 575 4342 πρώτιστα]
602 4259 710 4331 Nempe
764 4233 971 4331 Aeschyluni
990 4264 1042 4332 Ag.
1062 4207 1126 4316 wil:
1151 4207 1272 4329 ozovppe'

201 4332 366 4404 priusquam
385 4332 480 4388 divino
498 4349 591 4402 poesis
610 4331 711 4402 spiritu
764 4351 807 4395 τις
831 4327 888 4401 ἄγα
913 4328 1026 4388 θεόθεν
1049 4327 1180 4404 κνεφιίοῄ
1205 4349 1272 4399 προ·
1316 4391 1317 4394 ¹
