2904 4900
640 313 816 369 HESIODI

636 528 693 593 lv.
726 527 829 612 (ιιι.)

267 652 312 706 Ad
331 652 406 706 idem
425 667 537 709 carmen
560 649 704 720 pertinent
727 665 825 704 versus
848 649 925 718 epud
944 646 1054 702 Sehol.
1073 645 1138 703 Eur.
1158 647 1268 703 Phoen.

199 748 281 797 1123:
301 736 317 796 ό
337 741 369 797 δὲ
388 735 439 794 τόν
458 737 586 810 Αίγιμιον
604 734 725 808 ποιήσας
743 738 825 807 φησί·

264 869 323 932 καί
343 867 379 932 οἱ
399 861 719 949 ἐπίσκοπον”Αργον
743 864 786 928 ἵει
808 857 973 947 κρατερόν
995 885 1030 926 τε
1053 859 1158 946 μέγαν
1181 886 1229 946 τε,

264 973 419 1056 τέτρασιν
443 967 676 1056 ὀφθαλμοῖσιν
699 964 875 1054 ὁρεόμενον
898 970 985 1034 ἔνθα
1007 967 1064 1033 καὶ
1087 971 1186 1052 ἔνθα,

264 1075 435 1165 ἀκάματον
459 1075 499 1142 δέ
520 1077 556 1143 οἱ
576 1066 663 1161 ιόρσε
686 1071 751 1140 θεόι
774 1075 884 1160 μένος,
908 1071 993 1141 οὐδέ
1014 1075 1050 1141 οἱ
1070 1070 1176 1153 ὕπνος

264 1199 382 1252 πῖπτεν
402 1182 454 1250 ἐπὶ
472 1179 665 1268 βλεφάροις,
689 1177 822 1266 φυλακὴ
843 1177 872 1245 θ’
894 1184 969 1266 ἐχεν
989 1181 1133 1267 ἔμπεδον
1152 1177 1270 1249 αὐτόν.

197 1327 252 1381 Pro
270 1322 321 1381 τόν
339 1323 481 1394 Αἰγίμιον,
504 1323 538 1400 σε
560 1323 603 1376 eet
625 1319 655 1374 in
680 1320 740 1376 eod.
760 1322 846 1390 Aug„
873 1322 956 1392 vulgo
975 1321 1084 1376 lacuna.
1122 1321 1162 1377 cf.
1182 1322 1287 1389 Ττοῃ

195 1415 250 1469 λιιι
273 1413 309 1468 ed
330 1412 411 1467 Iliad.
434 1429 461 1481 p.
482 1415 542 1464 15³.
561 1409 655 1464 Herm.
697 1407 828 1463 Ceterum
850 1427 876 1464 v.
900 1415 916 1463 2
940 1409 970 1463 in
993 1427 1076 1465 suum
1098 1427 1180 1464 usum
1199 1425 1266 1464 con-

197 1504 341 1557 verterent
365 1498 488 1570 Orphiei.
525 1498 559 1554 V.
579 1495 724 1552 Lobeek.
742 1496 883 1567 Aglaoph.
897 1514 933 1570 p.
953 1502 1019 1565 490,
1045 1489 1121 1566 quod
1139 1514 1196 1552 non
1214 1497 1269 1551 mi·

196 1608 259 1645 rum
283 1591 339 1658 est,
365 1588 387 1643 si
413 1586 572 1655 Οοιοορε,
602 1584 647 1639 eui
669 1585 706 1638 eb
729 1583 793 1639 aliis
816 1584 1027 1640 adscribebatur
1049 1601 1175 1654 carmen,
1203 1585 1266 1656 ipse

199 1677 359 1732 habebatur
383 1676 414 1731 in
442 1673 580 1744 Orphieie.
616 1673 722 1728 Eodem
749 1673 890 1744 pertinere
914 1673 1027 1728 videtur
1050 1673 1160 1729 Sehol.
1181 1674 1214 1728 A.
1234 1674 1269 1730 Il.

198 1764 304 1835 XXIV,
323 1771 371 1820 24:
392 1758 599 1833 Ἀργειφόντης]
624 1758 676 1833 οόχ
695 1756 741 1817 ότι
759 1758 832 1818 κατὰ
852 1759 919 1825 νοός
933 1758 1066 1818 Ἡσιόδου
1085 1759 1197 1832 μόθονς
1216 1758 1270 1817 τόν

200 1850 339 1926 βουκόλον
363 1847 434 1914 Ἰοῦς
463 1848 634 1920 ἐφόνευσεν,
663 1847 720 1906 ἀλλ’
745 1846 845 1920 ἐπειδὴ
870 1853 921 1921 μία
946 1847 1053 1914 παντός
1076 1847 1161 1920 λόγον
1181 1846 1271 1920 φόως

125 1993 130 1999 .
198 1939 351 2014 ἐμφαίνειν
370 1935 496 2010 ἐναργῶς
513 1937 545 1995 τό
565 1935 731 2040 νοοόμενον.

599 2156 639 2222 v.
663 2155 753 2242 (ιιι.
774 2151 861 2240 175.)

270 2277 427 2348 Apollod.
447 2278 483 2346 ΙΙ,
503 2283 527 2346 λ,
547 2283 576 2331 3:
598 2272 726 2338 Ἡσίοδος
744 2273 777 2331 δέ
796 2275 846 2332 καὶ
861 2272 1038 2338 Ἀκουσίλαος
1054 2277 1196 2346 Πειρῆνος
1214 2270 1268 2330 αό·

198 2361 252 2436 τήν
272 2362 335 2435 (τὴν
355 2361 410 2435 Ἰω)
433 2384 522 2435 φασιν
548 2362 635 2420 εἶναι·
659 2359 767 2433 ταότην
793 2361 949 2435 ἐερωσόνηυ
971 2364 1021 2433 τῆς
1038 2358 1127 2434 Ἥρας
1146 2362 1269 2435 ἔχουσαν

200 2451 273 2517 Ζεός
292 2452 421 2524 ἐφθειρε.
458 2454 607 2523 φωραθεὶς
632 2450 664 2507 δὲ
683 2446 847 2523 ὑφ’Ἦρας,
874 2453 923 2521 τῆς
942 2449 994 2522 μὲν
1014 2447 1099 2522 κόρης
1117 2447 1269 2523 ἁψόμενος

199 2542 241 2606 είς
253 2544 331 2616 ’βοῦν
350 2537 550 2614 μετεμόρφωσε
570 2535 687 2609 λευκήν,
713 2535 787 2610 αότῇ
807 2538 839 2596 δὲ
859 2537 1030 2611 ἀπωμόσατο
1049 2537 1085 2612 με’
1108 2544 1268 2598 συνελθεῖν.

105 2703 108 2710 ’
199 2626 245 2685 διό
274 2649 362 2700 φησιν
385 2628 515 2692 Ἡσίοδος
542 2624 595 2684 οόκ
624 2624 801 2684 ἐπισπᾶσθαι
827 2625 880 2698 τὴν
903 2625 961 2684 ἀπὸ
990 2629 1047 2684 τῶν
1069 2630 1150 2685 θεῶν
1178 2623 1269 2699 όργὴν

198 2715 267 2782 τοός
293 2717 460 2790 γινομένους
488 2711 590 2788 ὅρκους
617 2712 689 2788 ὑπὲρ
719 2715 828 2788 ἐρωτος.
870 2716 989 2772 Videtur
1015 2717 1090 2773 hune
1117 2718 1210 2773 locum
1237 2717 1269 2772 in

198 2807 293 2863 animo
311 2807 441 2862 habuisse
461 2806 665 2863 callimach.
684 2807 772 2878 epigr.
793 2815 840 2875 26,
864 2813 894 2862 3:
918 2802 1028 2876 ι’όμοσεν
1046 2799 1117 2862 ἀλλά
1137 2806 1269 2877 λέγουσιν

198 2892 313 2965 ἀληθέα
330 2891 398 2957 τοός
418 2890 450 2950 ἐν
469 2892 552 2964 ἐρωτι
563 2889 683 2965 Ὄρνους
701 2892 739 2967 μὴ
760 2891 860 2950 θόυειν
879 2891 957 2950 οὔατ’
979 2891 1008 2959 ἐς
1026 2889 1191 2950 ἀθανάτων.
1225 2895 1266 2951 Cf.

197 2984 381 3040 Herodian.
401 2983 466 3054 περὶ
484 3003 546 3054 μιν.
565 2987 588 3040 λ.
607 3001 635 3054 p.
655 2990 697 3041 17.
735 2984 782 3055 [V.
801 2986 821 3038 I.
841 3003 869 3054 p.
890 2984 984 3039 17.11.
1003 3001 1031 3054 p.
1050 2989 1102 3038 923
1120 2984 1248 3056 Lente]

270 3090 332 3144 Huc
349 3089 473 3160 pertinet
487 3089 564 3145 loeus
579 3091 690 3145 Schol.
709 3090 818 3146 Platon.
839 3090 923 3146 Gonv.
942 3109 970 3160 p.
985 3095 1046 3145 ³⁵14.
1065 3089 1163 3160 Bekk.
1181 3107 1269 3160 quem

199 3179 411 3238 Hermennue
431 3178 565 3234 excitavit
584 3179 684 3248 Opuse.
704 3177 751 3234 VI.
771 3196 798 3249 p.
817 3185 881 3235 257:

266 3302 302 3369 ἐκ
323 3305 385 3370 τοῦ
410 3299 442 3368 δ’
469 3299 572 3390 ὅρκου
592 3307 714 3390 ἔθηκεν
737 3299 900 3391 ἀμείνονα
923 3302 1158 3394 ἀνθρώποισιν

265 3410 455 3494 νοσφιὸίων
479 3413 588 3495 ἔργων
609 3411 685 3495 πέρι
708 3408 891 3497 Κύπριδος.

200 3549 238 3603 Et
260 3549 465 3619 Hesychius:
492 3538 663 3620 Ἀφροδίσως
690 3545 786 3619 ὅρκος·
813 3553 922 3623 πρῶτος
949 3550 982 3608 δὲ
1005 3547 1133 3614 Ἡσίοδος
1162 3549 1265 3608 ἔπλασε

200 3634 268 3700 τοός
290 3637 356 3707 περὶ
382 3633 435 3692 τόν
459 3638 517 3692 Δία
539 3637 588 3692 καλ
611 3633 663 3707 τὴν
684 3633 726 3692 Ἰω
751 3634 862 3709 όμόσαι.
900 3642 932 3695 In
953 3640 1015 3696 loco
1039 3641 1154 3697 Schol.
1178 3641 1267 3696 Plat.

198 3725 307 3781 Herm.
326 3725 446 3780 coniecit
464 3719 599 3795 ἀπήμονα
616 3741 667 3795 pro
686 3720 833 3796 ἀμείνονα.

635 3939 690 4006 v1.
722 3897 824 4028 (ῐιο.)

270 4061 469 4117 Athenaeus
493 4061 542 4118 XI.
565 4080 593 4131 p.
613 4067 665 4116 503
690 4061 736 4116 D.:
760 4061 809 4116 καὶ
832 4057 847 4116 ὁ
867 4059 918 4118 τόν
937 4062 1064 4136 Αίγίμιον
1083 4062 1116 4120 δὲ
1135 4059 1269 4136 ποιήσας,

199 4145 256 4206 εἴθ’
273 4142 401 4211 Ἡσίοδός
420 4143 496 4202 ἐστιν
514 4145 532 4217 ἢ
552 4147 675 4220 Κέρκωψ
695 4144 710 4204 ὁ
730 4145 882 4219 Μιλήσιος·

266 4277 352 4341 ἔνθα
374 4269 443 4344 ποτ’
470 4277 561 4342 ἔσται
584 4272 667 4361 ἐμὸν
690 4273 888 4363 ψυκτήριον,
911 4275 1036 4365 όρχαμε
1059 4280 1160 4346 λαιόν.
