2948 4896
36 4281 40 4322 λ

1124 326 1213 376 XCIII

139 466 327 557 Ἀρχίππου
344 431 460 557 ἀρχῆς,
476 466 626 556 Ὅμηρον
645 466 682 535 δέ
702 469 739 535 ἐν
762 469 807 560 τῷ
826 467 925 536 τέλει·
949 463 967 536 ὁ
988 464 1019 534 δ’
1031 465 1214 554 ’Ἀρχιππος

141 567 246 655 οὗτος
267 576 344 655 υίὸς
365 568 409 662 ήν
431 573 606 661 Ἀκάστου,
627 571 730 661 ἄρξας
750 571 942 661 Ἀθηναίων
961 577 1016 659 ἐτη
1039 574 1090 642 λέ·
1117 572 1155 642 οί
1175 573 1214 642 δὲ
1278 601 1283 614 ·

141 681 358 772 συγχρόνους
384 680 509 761 αὐτοὺς
536 678 624 749 εἶναι
650 682 806 767 λέγοντες
831 681 885 748 ἐπὶ
916 684 959 769 τῇ
988 683 1124 769 τελευτή
1152 683 1214 750 τοῦ

138 787 415 876 Ἀμφιδάμαντος
454 790 516 856 τοῦ
557 788 720 872 βασιλέως
762 785 910 872 Εῶβοίας
950 787 1055 874 φασίν
1092 784 1216 866 αὐτοὺς

141 893 400 982 ἀγωνίσασθαι,
422 895 478 962 καὶ
501 894 712 980 νενικηκέναι
731 889 892 960 Ἡσίοδον
918 890 1241 978 άγωνοδετοῦντοςσ

141 1002 201 1070 καί
237 1007 417 1089 κρίνοντος
452 1003 627 1068 Πανείδου
667 1002 729 1068 τοῦ
764 1002 928 1086 βασιλέως
967 1003 1028 1068 τοῦ
1064 997 1215 1088 άδελφοῦ

141 1106 416 1196 Ἀμφιδάμαντος
428 1106 485 1174 καί
507 1109 576 1175 τῶν
599 1109 684 1174 υίῶν
705 1103 985 1194 Ἀμφιδάμαντος,
1003 1104 1217 1193 Γανάκτορός

142 1241 180 1284 τε
208 1214 266 1282 καὶ
295 1217 363 1281 τῶν
395 1215 533 1282 λοιπῶν.
585 1213 827 1299 ἐξηρωτηιιέναι
859 1213 924 1299 γάρ
956 1211 1079 1294 αὐτοὺς
1109 1212 1218 1282 πολλὰ

142 1318 230 1406 πρὸς
254 1319 421 1406 ἀλλήλους
447 1320 531 1404 φασί
559 1316 606 1387 δι’
637 1321 726 1386 ἐπῶν
752 1316 980 1406 αὐτοσχεδίων
1002 1321 1059 1388 καὶ
1081 1319 1216 1406 ἀποκρί

144 1435 296 1514 νασθοιι,
325 1427 380 1494 καὶ
407 1429 489 1494 πᾶσι
515 1423 577 1495 τὸν
596 1423 747 1512 Ὅμηρον
773 1423 814 1493 τὰ
841 1437 985 1514 πρωτεῖα
1017 1427 1261 1514 λαμβάνειν·1ο

144 1535 243 1614 τέλος
264 1536 327 1601 τοῦ
349 1533 513 1620 βασιλέως
535 1535 710 1602 Πανείδου
731 1532 885 1613 είπόντος
907 1531 1021 1613 αὐτοῖς
1043 1533 1083 1602 τδι
1105 1534 1217 1602 κάλλι-

146 1658 210 1708 στα
241 1643 310 1707 τῶν
339 1639 467 1708 ἑαυτῶν
501 1640 589 1708 ἐπῶν
622 1637 890 1727 άναλεξαμένους
930 1645 1050 1726 εἰπεῖν,
1073 1637 1218 1728 Ὅμηρος

147 1746 211 1833 μέν
239 1746 375 1834 ἄρχεται
402 1747 513 1832 λέγειν
539 1749 641 1815 τοῦτο
666 1743 704 1814 τὸ
733 1751 858 1834 χωρίον
882 1745 948 1815 άπὸ
970 1751 1105 1815 πολλῶν
1128 1749 1217 1816 ἐπῶν

147 1850 337 1939 ἀρξάμενος
359 1851 515 1922 ὄπισθεν·

193 1974 293 2056 άσπλς
312 1973 368 2063 ἄρ’
389 1973 503 2044 ἀσπίδ’
526 1979 647 2063 ἔρειδε,
670 1975 773 2064 κόρεις
791 1976 914 2066 κόρυν,
937 1974 1041 2065 άνέρα
1064 1976 1094 2045 δ’
1121 1975 1219 2066 ἀνήρ,
1230 1998 1263 2047 15

193 2087 308 2164 ψαῦον
332 2081 366 2149 δ’
393 2081 572 2169 ίππόκομοι
595 2081 742 2171 κόρυθες
764 2091 945 2172 λαμπροῖσι
969 2084 1106 2170 φάλοισι

194 2189 382 2259 νευόντων·
416 2185 460 2268 ῶς
482 2190 605 2256 ποτανοὶ
629 2190 815 2276 ἐφέστασαν
838 2188 1030 2276 ἀλλήλοισι,

153 2314 208 2380 καὶ
230 2314 413 2401 περαιτέρω
435 2312 574 2382 τούτων.
614 2309 771 2393 Ἡσίοδος
795 2315 832 2382 δὲ
855 2317 922 2382 τῶν

197 2417 383 2506 Πληϊάδων
403 2416 627 2505 Ἀτλαγενέων
650 2417 934 2506 ἐπιτελλομενάων

154 2540 334 2629 άπάρχεται
362 2543 417 2610 καὶ
447 2540 571 2632 ὁμοίως
592 2541 724 2636 Ὁμήρῳ
756 2547 932 2636 προβαίνει
965 2547 1060 2632 μέχρι
1092 2548 1219 2611 πολλοῦ
1230 2566 1264 2615 20

154 2651 221 2716 τῶν
245 2649 344 2716 ἐπῶν.
388 2647 443 2716 καί
466 2647 569 2718 πάλιν
592 2651 645 2718 ἐπί
667 2649 799 2729 τούτοις
823 2651 1078 2738 οίπιιρεστῶτες
1100 2649 1221 2730 πάντες

153 2758 220 2824 τῶν
244 2756 431 2844 ἐλλογίμων
453 2755 508 2823 καὶ
532 2759 744 2843 στρατιωτῶν
761 2755 822 2825 τὸν
832 2755 982 2844 Ὅμηρον
1001 2757 1221 2845 ἐστεφάνουν,

155 2858 172 2929 ὁ
200 2841 250 2929 δὲ’
265 2864 437 2948 Πανείδης
466 2867 576 2950 ἔκρινε
604 2865 702 2931 νικᾶν
725 2858 886 2931 Ἡσίοδον
915 2859 960 2942 ῶς
993 2863 1134 2951 εἰρήνην
1165 2865 1221 2932 καὶ

155 2972 321 3054 γεωργίαν
346 2968 549 3037 διδάσκοντα
573 2969 629 3037 καὶ
653 2966 694 3037 οὐ
717 2968 871 3056 καθάπερ
886 2966 1032 3057 Ὅμηρος
1056 2972 1222 3058 πολέμους

153 3074 209 3141 καὶ
237 3072 373 3160 σφάγια.
418 3071 502 3143 άλλδι
529 3079 633 3144 ταῦτα
661 3075 722 3163 μέν
750 3080 815 3144 εἰσι
843 3075 1016 3164 ληρήματα
1042 3081 1111 3145 τῶν
1140 3097 1264 3148 vem-25

154 3181 261 3271 τέρων
283 3180 341 3248 καὶ
363 3179 499 3259 πλάσεις
521 3184 590 3248 τῶν
612 3179 696 3268 πρὸς
722 3180 890 3271 ἀλλήλους
917 3181 1138 3270 ἐρωτημάτων
1166 3185 1222 3252 καὶ

153 3291 222 3355 τῶν
246 3289 279 3368 ἐξ
297 3283 445 3374 Ὁμήρου
468 3289 788 3376 παρεκβεβλημένων
817 3289 906 3358 ἐπῶν
929 3291 984 3358 κιιλ
1007 3286 1064 3358 ὑπ’
1090 3292 1222 3360 ἐκείνου

160 3398 267 3482 δῆθεν
292 3394 478 3482 ῥηθέντων.
515 3389 661 3481 Ὅμηρος
685 3393 751 3482 γὰρ
780 3393 797 3464 ὁ
826 3401 988 3484 χρυσοῦς,
1016 3393 1062 3477 ῶς
1085 3389 1221 3489 ἐγῷμαι,

155 3575 368 3586 ...ω-ιυ-

1220 3594 1233 3628 Ι

225 3677 260 3733 V.
281 3683 305 3732 1.
342 3676 425 3747 Vulg.
445 3672 592 3746 Ἀρξίππου
611 3709 643 3718 -—
657 3673 816 3748 Ἀρξιτιπος,
841 3681 917 3750 quod
940 3681 1052 3752 scripsit
1071 3679 1222 3738 Schoem.

226 3748 260 3804 V.
280 3754 305 3802 ὅ.
342 3747 587 3820 νενικηκέναι]
621 3749 674 3806 sie.
694 3751 758 3805 vat.
795 3751 888 3822 Vulgo
906 3748 1083 3821 νενικηκότα.

202 3820 260 3874 ‘V.
281 3827 305 3874 6.
338 3821 533 3892 Πανείδον]
562 3821 764 3888 Α1.Πανίδου,
783 3823 980 3879 αλδολιοετυ.
1010 3825 1223 3894 ἓθδΠανείδης

157 3893 252 3945 tuetur
269 3891 357 3945 etiam
375 3890 464 3946 codex
483 3889 603 3947 Οεττειτ.
621 3891 702 3946 Hom.
722 3895 751 3948 et
768 3893 890 3949 Hesiodi.

225 3963 260 4018 V.
283 3968 324 4016 16.
362 3961 550 4026 ef.11.x111‚
572 3969 698 4033 131e0q.

226 4033 260 4090 V.
282 4038 324 4088 19.
362 4031 402 4087 Cf,
424 4032 475 4104 Op,
495 4037 525 4089 et
542 4033 575 4091 D.
594 4039 646 4090 383
666 4051 723 4106 seq.

227 4104 260 4161 V.
285 4110 320 4159 20
343 4121 400 4173 seq.
444 4106 570 4160 πολλοῦ
599 4105 680 4178 τῶν]
725 4106 770 4164 Sic
797 4107 830 4162 V.
877 4107 971 4180 Vulgo
997 4109 1109 4164 πολλῶν
1137 4105 1222 4166 ἐπῶν,

160 4174 370 4232 SicSehoem.
1055 4208 1058 4215 -

228 4247 262 4302 V.
281 4253 325 4302 23.
364 4245 475 4316 ἔκρινεν
494 4248 641 4304 Sohoom.

227 4318 261 4373 V.
281 4325 324 4374 27.
363 4319 713 4392 παρεκβεβλημένωτ]
742 4320 790 4376 sic
809 4320 842 4378 V.
874 4320 966 4390 Vulgo
985 4324 1139 4393 παραβεβλ.
