2958 4896
507 310 623 362 eumn
640 310 877 362 HenxAnorn.
1165 309 1224 376 127

160 461 262 543 αὐτὸς
284 462 348 550 γάρ
373 466 407 531 οί
428 465 555 551 ἐπῶρσε
578 468 657 550 βίην
675 461 906 552 Ἡρακληείην.

160 574 228 638 πᾶν
252 567 284 637 θ’
310 568 413 649 άλσος
434 571 490 638 καὶ
512 567 625 657 βωμὸς
645 567 853 650 ’Λπόλλωνος
875 577 1078 656 Παγασαίου
1191 593 1225 642 70

161 677 289 766 λάμπεν
312 674 394 744 ὑπαὶ
418 679 546 745 δεινοῖο
568 681 656 746 θεοῦ
678 678 824 764 τευχέων
845 704 881 747 τε
903 680 961 746 καὶῚ
982 676 1101 748 αὐτοῦ·

161 789 230 873 πῦρ
252 783 284 851 θ’
310 780 355 863 ῦς
378 780 567 872 ὀφθαλμῶν
591 781 808 870 ἀπελάμπετο.
852 790 902 865 τίς
924 811 982 854 κεν
1005 788 1122 877 ἐκείνω

162 897 237 978 ἔτλη
259 888 387 978 θνητὸς
410 888 474 958 ἐάν
497 895 715 960 κατεναντίον
739 888 932 979 ὁρμηθῆναι

163 996 249 1084 πλὴν
267 995 453 1086 Ἡρακλῆος
474 998 531 1066 καὶ
553 1000 742 1085 κυδαλίμου
762 995 910 1077 Ἰολάου;

164 1110 298 1189 [κείνων
321 1101 385 1191 γάρ
408 1103 534 1193 μεγάλη
557 1129 592 1172 τε
615 1109 671 1191 βίη
695 1105 751 1172 καὶ
774 1117 880 1191 χεῖρες
902 1103 1022 1174 άαπτοι
1191 1126 1225 1176 7ο

161 1213 194 1292 ἐξ
218 1209 319 1298 άμων
343 1212 513 1298 ἐπέφυκον
537 1212 589 1280 ἐπὶ
613 1216 801 1300 στιβαροῖσι
824 1215 1002 1299 μέλεσσιν]

162 1315 199 1397 ὅς
222 1321 264 1405 ῥα
286 1316 358 1385 τόθ’
383 1315 523 1405 ἡνίοχον
546 1321 694 1407 προςέφη
716 1317 879 1406 κρατερὸν
899 1317 1042 1388 Ἰόλαον·

245 1422 356 1511 Ἥρως
379 1417 406 1492 ά
428 1421 543 1507 Ἰόλαε,
565 1428 699 1510 βροτῶν
722 1424 808 1492 πολὺ
831 1430 966 1512 φίλτατε
988 1424 1137 1514 πάντων,

161 1523 183 1618 ἦ
207 1558 238 1600 τι
261 1530 329 1619 μέγ’
354 1529 550 1610 ἀθανάτους
572 1530 732 1618 μάκαρας,
755 1533 806 1601 τοὶ
820 1530 994 1618 Ὄλυμπον
1019 1537 1165 1619 ἔχουσιν,

233 1727 267 1781 V.
286 1733 328 1783 70.
364 1724 421 1796 πὰρ
441 1721 466 1782 6²
487 1721 570 1788 άλοος
588 1726 643 1780 V1.
1195 1776 1198 1780 .

233 1797 266 1852 V.
287 1805 328 1854 72.
367 1794 501 1870 ἐκείνῳ]
527 1794 658 1865 ἐκείνων,
681 1797 758 1868 quod
781 1798 887 1853 hubent
909 1799 987 1854 Harl.
1012 1799 1099 1869 Med,
1122 1800 1226 1856 Hein-

162 1869 298 1924 riohiue
316 1885 372 1924 non
392 1869 513 1924 debebat
531 1869 673 1938 adoptare.

234 1939 266 1995 V.
288 1947 329 1995 74.
366 1940 442 1994 Patr.
462 1941 517 1995 duo
536 1957 581 2010 up.
600 1940 795 1996 Thierschium
813 1936 886 2009 πλήν
904 1935 937 2011 γ’.
958 1973 991 1982 -
1012 1937 1161 1998 ίιολάσυ
1181 1944 1223 1998 Fl.

235 2011 268 2066 V.
288 2017 322 2065 75
336 2027 393 2080 seq.
413 2013 486 2067 mnle
504 2028 538 2066 ex
557 2011 638 2081 Oper.
660 2019 709 2066 147
724 2029 780 2080 seq.
799 2011 846 2068 hic
864 2011 987 2068 intrusos
1006 2031 1066 2069 esse
1084 2015 1225 2070 intellexit

163 2083 236 2138 Pul.
275 2083 390 2138 Secutus
410 2085 454 2136 eet
470 2083 512 2140 ΡΙ.
533 2081 590 2137 Ὀί.
615 2083 701 2138 etiam
725 2083 831 2154 Theog.
857 2090 916 2141 152.
953 2085 998 2138 Ad
1017 2101 1151 2140 conexum
1170 2103 1227 2140 eer-

163 2153 288 2209 vondum
305 2153 484 2209 Hermann.
504 2171 566 2208 oum
584 2159 640 2208 uno
659 2153 755 2209 codice
774 2157 858 2228 κείνῳ
878 2155 1044 2226 coniecerat,
1063 2159 1095 2211 ut
1114 2157 1225 2214 deHer·

163 2225 225 2281 oule
243 2225 303 2279 solo
322 2225 512 2295 intellegatur.

234 2296 267 2352 V.
288 2303 329 2351 76.
367 2295 540 2366 μέλεσσιν]
560 2295 619 2349 Em.
641 2295 793 2363 μελέεσσιν.

234 2367 267 2423 V.
288 2374 329 2423 77.
366 2364 487 2423 ,Ριόλαον
506 2367 547 2420 Fl.

233 2438 267 2495 V.
287 2443 329 2492 78.
367 2434 474 2507 φίλτατ’
496 2434 612 2492 ἐκείνων
631 2433 845 2493 lin—fuitus
865 2439 906 2491 Fl.

234 2509 267 2564 V.
287 2515 329 2564 79.
367 2531 398 2563 τι
417 2504 485 2579 μέγ’
505 2502 721 2578 άθανάτους]
748 2509 793 2563 Sic
812 2510 870 2565 Mn.
895 2517 920 2564 3.
944 2509 998 2564 Vl.
1025 2509 1113 2564 etita
1130 2511 1229 2580 vulgu-

163 2584 224 2636 tum
242 2601 269 2635 τι
287 2576 344 2651 μετ’
365 2577 452 2635 άθαν.
472 2582 631 2635 correxerat
650 2579 795 2635 Dorvill.
815 2581 851 2633 nd
871 2580 976 2636 charit.
995 2598 1021 2649 p.
1042 2587 1102 2636 220.
1140 2581 1228 2636 Her-

164 2669 304 2707 mennuo
323 2652 341 2706 l.
359 2652 378 2708 1.
399 2653 524 2707 molebat
541 2643 559 2721 ἦ
579 2650 652 2721 μέγα
670 2648 707 2720 δή
726 2673 752 2704 τι
771 2647 859 2714 θεοὺς
878 2648 1018 2721 μάκαρας,
1039 2653 1113 2721 quod
1137 2652 1227 2706 diver-

163 2741 226 2848 ρέιω
245 2724 290 2849 {tl
299 2743 326 2777 τι
346 2723 418 2794 μέγα
438 2725 467 2778 et
488 2723 561 2793 μέγα
583 2744 618 2778 τι.
652 2719 710 2793 μετ’
729 2719 894 2785 ἀθανάτους
914 2739 993 2778 cruce
1013 2724 1098 2778 affixa
1116 2723 1228 2793 scripsit

195 2809 253 2850 ooo
294 2839 299 2850 .
352 2795 359 2816 “

164 2972 289 3041 Apollini
307 2970 460 3031 mittendos
479 2974 523 3040 et,
541 2975 574 3026 ut
590 2973 666 3027 hunc
718 2989 786 3026 num
813 2973 899 3026 etium
929 2967 1019 3026 αὐτοῦ
1043 2971 1168 3042 pertinet
1191 2974 1228 3028 ad

166 3044 218 3098 eibi
242 3043 382 3113 placeret,
407 3060 486 3097 aram
505 3043 530 3097 ei
549 3046 666 3100 voverat
719 3043 850 3110 Mortem,
877 3060 934 3098 non
963 3043 1000 3100 ad
1026 3042 1164 3112 Cycnum,
1188 3061 1227 3100 sc.

165 3131 180 3168 e
204 3114 342 3184 capitibus
364 3114 518 3169 occisorum
540 3114 666 3184 Pegaseo
719 3109 776 3168 ὑπὸ
796 3112 919 3184 τευχέων
937 3115 1012 3170 θεοῦ
1037 3115 1086 3169 καὶ
1105 3110 1153 3169 ὑπ’
1174 3111 1226 3169 αό-

165 3185 375 3253 exstruendam,
430 3186 667 3254 quemadmodum
720 3185 770 3239 τοῦ
794 3186 845 3239 τοῦ
863 3185 945 3240 θεοῦ.
983 3185 1137 3242 Rankius
1160 3189 1237 3255 post¹

165 3257 240 3325 prior
264 3256 324 3326 ipso
349 3255 451 3326 Apollo
478 3273 494 3310 e
520 3274 666 3326 caprorum
720 3256 793 3310 θεοῦ
825 3255 986 3327 interpungi
1017 3258 1114 3326 iussit,
1148 3258 1225 3327 quod

166 3325 354 3411 Cynthiodum
373 3327 512 3398 capitibus
535 3344 613 3384 arom
632 3327 667 3382 si·
720 3326 813 3382 minus
831 3327 931 3397 placet.
951 3341 954 3359 ¹

164 3401 194 3454 bi
211 3398 325 3454 fecerat.
363 3399 407 3468 (V.
427 3397 559 3456 Gallim.
573 3399 666 3469 Apoll.
756 3399 789 3454 V.
810 3406 923 3454 79-94.
945 3400 1044 3455 *Haeo
1069 3400 1140 3455 alius
1166 3417 1226 3455 cese

166 3477 207 3524 61.
227 3470 255 3524 el
269 3473 374 3526 auctor.
411 3465 489 3539 άγοὸν
504 3465 599 3541 Ὁμήρ.
618 3469 667 3524 καὶ
720 3471 842 3525 auctoris
865 3471 1021 3541 suspicatur
1048 3471 1224 3526 Thiersoh.

161 3536 217 3595 Ἡσ.
255 3541 350 3612 Diog.
369 3541 666 3612 haerulliupytuog.
722 3540 756 3597 de
776 3541 840 3596 Hes.
854 3561 881 3611 p.
896 3548 938 3597 28.
979 3543 1034 3597 Sed
1052 3545 1128 3597 recte
1147 3541 1226 3596 Her-

165 3612 245 3680 VIII,
278 3619 310 3682 1,
348 3614 401 3682 12.)
452 3615 665 3669 Demonstrutur
721 3629 862 3668 mannus
893 3614 992 3669 Ouso.
1029 3613 1076 3668 VI.
1109 3631 1136 3682 p.
1167 3619 1227 3667 194.

165 3683 257 3739 verbis
276 3684 539 3739 scholiastae
553 3683 668 3738 Pindari
722 3683 881 3740 intercedit.
916 3631 1033 3739 dromus
1051 3685 1093 3738 itu
1110 3685 1225 3752 languc-

166 3753 208 3809 01.
232 3755 270 3822 Χ,
297 3762 353 3822 19.,
381 3753 431 3810 ubi
472 3773 507 3810 on
530 3773 599 3825 opus
625 3756 669 3810 est
722 3756 766 3809 ret
787 3754 917 3824 repetitio
941 3756 1048 3826 βροτῦν
1073 3749 1144 3808 πολὺ
1164 3757 1226 3823 φίλ-

155 3842 230 3880 cum
251 3827 294 3881 He
315 3827 361 3880 nio
386 3828 416 3881 et
462 3827 578 3882 oeokhio
602 3825 668 3881 scri·
723 3845 788 3880 τατε
807 3821 929 3892 πάντων,
951 3822 972 3880 ά
992 3828 1081 3894 φίλος,
1101 3821 1170 3880 άλλὰ
1191 3822 1225 3881 τά

166 3896 231 3952 bero
250 3897 287 3970 τῷ
305 3903 372 3963 Apol
389 3915 440 3968 pro
459 3898 496 3971 τῷ
513 3893 669 3953 Ἀπόλλωνι.
722 3897 785 3950 —.·
803 3897 880 3951 Idem
906 3897 1016 3952 Herm.
1045 3915 1090 3952 vv.
1113 3903 1147 3952 95
1175 3896 1227 3966 (ito

167 3969 228 4036 Ipse
260 3968 364 4038 Apollo
398 3967 457 4023 eiuo
484 3985 580 4052 preces
612 3985 668 4024 non
723 3970 798 4022 enim
816 3966 874 4022 sine
889 3968 975 4023 dubio
990 3967 1109 4022 scribere
1127 3968 1229 4037 voluit,
1326 3977 1329 3986 ·

167 4039 316 4108 exaudivit,
335 4039 412 4114 quod
421 4055 512 4111 magis
523 4039 577 4094 sibi
587 4056 669 4096 curuo
722 4056 779 4094 non
799 4041 854 4108 96.)
874 4071 906 4079 -—
928 4047 987 4096 101.
1006 4056 1058 4108 pro
1071 4039 1228 4094 recentiore

167 4110 297 4179 cordique
322 4113 404 4166 erant
425 4109 563 4180 Delphico
588 4126 669 4166 socru
724 4109 915 4166 additamento
941 4111 1035 4166 habet.
1078 4110 1152 4165 Num
1179 4110 1229 4178 qui

167 4195 250 4248 quam
267 4182 420 4252 Pagasaeo.
722 4181 782 4236 fieri
800 4183 903 4252 potest,
921 4181 1022 4252 inquit,
1042 4182 1073 4236 ut
1091 4181 1227 4237 Herculeo

202 4252 235 4306 V.
251 4259 291 4308 71.
329 4251 530 4322 coniungenda
544 4255 670 4307 suntvo·
724 4253 831 4307 Ioloum
863 4254 942 4310 freno
978 4253 1095 4308 firmiter
1131 4255 1226 4308 tenere

167 4323 266 4378 cabulo
293 4321 417 4393 τευχέων
445 4325 551 4379 δεινοῖο
578 4324 668 4392 θεοῦς
725 4342 889 4394 currumque
904 4326 982 4380 recto
996 4325 1093 4379 contra
1106 4321 1226 4378 Mortem
