2958 4896
243 285 304 348 140
357 283 358 286 ’
693 261 861 336 Ηνιοεου
926 339 927 342 ,

243 440 299 508 καλ
323 437 386 506 δύο
410 441 611 522 Πευκείδας,
635 435 830 526 Περιμήδεά
852 463 887 505 τε
913 435 1075 524 Δρύαλόν
1096 463 1147 522 τε,

241 543 417 641 ἀργύρεοι,
441 545 588 632 χρυσέας
605 543 722 623 ἐλότας
745 545 781 611 ἐν
805 544 920 631 χερσὶν
944 549 1085 630 ἔχοντες.

242 656 302 724 καί
321 677 356 718 τε
380 653 568 736 συναΐγδην
592 647 667 729 eigel
691 654 771 730 ζωοί
790 674 851 738 περ
876 649 987 730 ἐόντες

243 762 374 844 ἔγχεσιν
398 754 453 843 ηδ’
480 755 597 844 ἐλάτης
620 753 826 842 αὐτοσχεδὸν
850 753 1053 844 ὠριγνῶντο.

333 865 370 930 ἐν
394 860 425 929 δ’
441 861 560 950 ’Ἁρεος
581 866 764 949 βλοσυροῖο
787 860 955 942 ποδύκεες
978 865 1120 931 ἕστασαν
1144 867 1238 932 ίπποι

244 968 395 1057 χρύσεοι,
420 971 457 1036 ἐν
480 969 517 1036 δὲ
539 969 595 1036 καὶ
619 967 720 1048 αὐτὸς
744 968 932 1057 ἕναρφόρος
956 967 1072 1048 ούλιος
1089 969 1192 1058 ’Ἀρης

244 1075 368 1165 αἰχμὴν
392 1079 428 1145 ἐν
450 1082 618 1164 χείρεσσιν
642 1081 743 1164 ἔχων,
766 1078 945 1164 πρυλέεσσι
967 1076 1129 1162 κελεύων,

245 1189 358 1271 αἵματι
383 1181 582 1268 φοινικόεις,
607 1179 682 1262 ussi
706 1180 808 1264 ζωούς
832 1184 1008 1270 ἐναρίζων,

246 1295 356 1380 δίφρῳ
380 1288 601 1376 ἐπεμβεβαώς·
625 1286 714 1376 παρὰ
739 1287 776 1356 δὲ
800 1287 926 1376 Δεῖμός
948 1315 983 1357 τε
1010 1287 1122 1374 Φόβος
1142 1313 1178 1356 τε
1261 1307 1316 1357 195

246 1399 388 1465 ἕστασαν
413 1397 538 1483 ίέμευοι
561 1393 709 1482 πόλεμον
732 1393 960 1482 καταδύμεναι
983 1393 1129 1482 ἀνδρῶν.

1261 775 1317 826 190

314 1538 349 1592 V.
369 1543 429 1593 188.
466 1530 634 1606 ύργύρεοι
653 1567 686 1576 -
708 1534 864 1609 ἔχοντες]
884 1531 1025 1607 ύγρνρέας
1044 1567 1078 1615 7-
1098 1533 1215 1606 ἔχοντας
1232 1537 1315 1596 Harl.

245 1641 278 1650 —
299 1604 348 1736 ἐλί.
360 1627 434 1734 δεὸλλ
453 1608 662 1749 δᾶνῧύαΐγδην]
682 1679 726 1733 Ito.
739 1679 790 1733 Vir
804 1679 902 1733 doctus
917 1679 946 1733 in
965 1680 1073 1735 observ.
1088 1678 1165 1734 misc.
1181 1680 1200 1733 l.
1216 1697 1243 1748 p.
1259 1685 1314 1734 416

244 1768 307 1806 cum
321 1751 394 1805 Med.
409 1749 469 1805 cod.
484 1750 563 1804 Voss.
578 1747 670 1818 Etym.
685 1749 722 1804 M.
742 1768 769 1819 p.
785 1755 828 1818 40,
842 1756 875 1804 31
895 1767 945 1820 pro
965 1767 1006 1820 eo,
1025 1749 1101 1819 quod
1119 1752 1185 1805 ante
1199 1750 1312 1806 Heinr.

244 1821 393 1890 edebatur,
413 1819 578 1888 σνναλκτην,
598 1821 674 1889 quod
692 1821 795 1875 retinet
813 1821 1004 1876 Buttmann.
1024 1820 1111 1876 Lexil.
1131 1821 1152 1875 l.
1170 1838 1198 1890 p.
1220 1829 1260 1876 16.

315 1892 348 1948 V.
368 1897 428 1946 192.
467 1886 678 1975 ivoep'qrdpoc]
703 1891 765 1946 Em.
785 1887 967 1977 ἕναριφόρρς,
991 1893 1050 1946 Μ3.
1070 1892 1127 1946 Vl.
1151 1897 1180 1946 ct
1198 1891 1248 1946 alii
1266 1909 1314 1962 ap.

242 1963 411 2018 Rankium
431 1957 619 2030 ἐναρσφορος,
641 1963 713 2018 Med.
733 1963 785 2018 Pa.
806 1958 990 2032 ἔναροφορος.
1390 2007 1393 2016 .

316 2033 349 2086 V.
369 2039 429 2088 193.
467 2029 610 2103 αἰχμὴν]
630 2034 707 2087 Harl.
728 2030 808 2102 ἔγχος
826 2050 860 2087 ex
878 2034 1058 2103 glossemate;
1078 2034 1138 2090 Mn.
1159 2031 1239 2104 ἔγχος
1257 2028 1294 2088 τ’.

315 2104 349 2159 V.
370 2109 429 2158 195.
469 2099 709 2175 ἐπεμβεβαώς]
745 2104 790 2159 Sic
817 2104 878 2160 Em.
902 2105 955 2160 Po.
984 2105 1061 2160 Harl.
1094 2102 1240 2178 ἔμβεβαύς
1266 2105 1314 2160 Tr.

245 2176 348 2245 δίφρον
366 2175 443 2229 Harl.
463 2177 566 2244 δίφρου
586 2175 681 2230 Dind.

246 2297 387 2368 usquein
410 2298 480 2353 artis
498 2299 687 2354 monumentis
705 2314 752 2352 ne-

247 2387 301 2439 que
321 2370 396 2440 apud
420 2372 518 2440 poetas
541 2371 615 2425 inter
634 2370 752 2424 Centau-

243 2458 338 2496 rorum
366 2443 481 2496 nomina
508 2441 658 2497 invenitur.
696 2441 751 2494 lte-

246 2529 301 2581 que
320 2512 379 2566 sine
399 2512 483 2567 dubio
503 2513 578 2583 apud
595 2511 751 2567 Hesiodum

245 2600 356 2652 quoque
387 2585 587 2652 Μελαγχαίτης
618 2582 751 2638 Centauri

243 2671 345 2709 nomen
368 2656 424 2723 est,
447 2653 477 2708 in
494 2656 632 2724 Μίμαντα
655 2656 750 2708 antem

203 2773 207 2780 .
243 2725 320 2780 aliud
329 2742 431 2780 nomen
440 2725 512 2779 latet
523 2725 604 2780 nobis
613 2742 663 2795 pro
672 2727 748 2779 certo

243 2796 320 2851 haud
339 2795 554 2852 definiendum.“
590 2796 654 2864 Ipse
672 2796 749 2850 Dei-

242 2867 370 2922 tcrsiuu
389 2866 584 2936 suspicabatur
598 2862 625 2920 τ’
640 2862 749 2935 ’Άγριόν

242 2957 272 2992 τε
292 2940 343 2992 cut
360 2955 389 2991 τε
407 2934 503 2992 Λυκόν
523 2956 552 2991 τε
572 2938 634 2992 coll.
656 2937 748 2992 Ovid.

201 3069 206 3081 ³
242 3008 309 3064 Met.
334 3009 386 3074 XI,
405 3015 471 3075 332,
497 3007 596 3062 melius
623 3009 654 3062 Ο.
674 3009 749 3062 Iah-

243 3079 319 3204 nIius
339 3076 496 3133 τ’Ἔλατόν
510 3098 539 3134 τε
555 3079 618 3134 coll.
638 3079 749 3148 Apoll.

270 3193 478 3277 'V.’·1er-1oc.
507 3220 637 3286 Quarta
655 3220 749 3290 imago

244 3292 351 3358 Martis,
364 3292 393 3345 in
404 3309 486 3346 curru
496 3291 617 3346 sedentis
630 3291 749 3359 pedites·

244 3379 298 3431 que
317 3364 354 3417 ad
373 3378 497 3432 pugnum
515 3362 666 3416 incitantis.

279 3434 312 3488 V.
334 3439 393 3488 192.
433 3429 644 3502 ἐναρφόρος]
678 3434 751 3489 Mira

244 3503 455 3574 compositionis
487 3503 582 3574 imago
610 3504 683 3560 male
713 3505 750 3559 ud

244 3575 404 3644 analogiam
439 3571 587 3643 πυρφόρος
604 3576 750 3630 -vocabuli

244 3646 376 3700 directae.
414 3645 455 3699 Ex
474 3645 559 3700 variis
582 3646 750 3702 lectionibus

243 3716 749 3857 {Silliilirinilllallllllufllle

429 3829 436 3855 ‚
487 3822 489 3834 .
739 3821 749 3830 .

806 2300 970 2370 composite,
990 2316 1061 2368 quae
1077 2319 1093 2354 c
1106 2301 1178 2354 illud
1191 2301 1221 2356 in
1236 2318 1313 2355 com-

805 2371 924 2426 missura
934 2371 1048 2438 habent,
1063 2388 1096 2427 eo
1105 2373 1223 2428 utuntur
1232 2374 1312 2442 post

805 2443 960 2496 vocalem
996 2443 1123 2512 posito,
1165 2445 1313 2512 tamquam

804 2513 964 2582 rhythmico
978 2513 1157 2580 adminiculo,
1173 2514 1248 2583 quod
1265 2514 1312 2570 hic

803 2600 916 2651 prorsus
940 2601 996 2638 non
1025 2602 1095 2654 opus
1123 2588 1192 2640 erat.
1234 2585 1312 2654 Ergo

804 2671 853 2708 cur
876 2655 1044 2710 adiecissent
1065 2655 1164 2710 inutile
1187 2657 1260 2710 illud
1287 2675 1314 2726 ο,

803 2742 867 2779 cum
889 2726 955 2794 inde
982 2727 1125 2780 literarum
1153 2746 1208 2798 ρσφ
1233 2743 1310 2782 com-

803 2795 904 2864 positio
923 2799 1084 2852 nasceretur
1098 2797 1212 2859 Graecis
1230 2799 1310 2854 inau-

803 2867 880 2920 dita?
898 2867 988 2936 Igitur
1006 2885 1039 2922 ex
1058 2869 1314 2926 ENAPOoOPOO

804 2937 951 2992 scribendo
979 2939 1087 2994 factum
1113 2958 1172 2996 esso
1198 2941 1315 2997 'videtur

803 3007 1063 3078 ENAP000P003
1084 3007 1241 3082 ἕναρφόρος
1262 3030 1312 3066 eu·

802 3080 861 3132 tem
889 3081 1016 3149 sequitur
1042 3082 1204 3152 analogiam
1231 3083 1311 3139 verbi

803 3152 995 3220 χερνίπτομαι.
1011 3153 1197 3209 V.Lobock.
1208 3155 1312 3224 Phryn.
1408 3157 1410 3160 ’

839 3293 873 3349 V.
898 3300 957 3348 193.
1003 3293 1204 3367 πρυλέεσσι]
1234 3298 1311 3362 Πρυ-

803 3360 865 3425 λέες
878 3366 987 3434 pedites
1002 3381 1061 3420 esse
1075 3365 1237 3421 observavit
1249 3367 1311 3420 Ari-

804 3435 938 3505 starchus,
958 3441 993 3490 dc
1012 3453 1067 3504 quo
1082 3437 1116 3492 cf.
1131 3439 1246 3492 Lehrs.
1261 3439 1311 3490 Ar.

803 3523 830 3574 p.
847 3513 907 3561 118.
939 3507 1032 3560 Alium
1048 3507 1311 3578 interpretationem

802 3577 926 3632 tentavit
948 3578 1127 3633 Hermann.
1148 3596 1192 3649 op.
1212 3579 1259 3648 IV,
1278 3598 1306 3649 p.

838 3719 872 3773 V.
898 3725 957 3774 194.
1010 3715 1194 3791 ἐναρίζων]
1232 3722 1311 3776 Haec

803 3790 941 3844 vocabulo
957 3785 1095 3860 ἐναρίζων
1113 3791 1206 3847 indita
1222 3793 1308 3846 inter-

244 3857 349 3912 cabulis
358 3875 410 3927 pro
424 3874 522 3913 versus
535 3861 644 3914 ratione
658 3862 749 3915 muta·
804 3861 916 3915 ficiendi
930 3864 1008 3916 notio
1023 3865 1156 3932 usurpata
1170 3865 1213 3917 est
1224 3864 1311 3917 etium

241 3928 292 3995 λος
318 3924 508 3999 ἐναρσφόρος,
528 3930 606 3986 cuius
629 3931 750 4001 petroci·
804 3931 970 3988 Homericae
993 3934 1088 3991 aetati.
1131 3933 1170 3991 cf.
1195 3934 1309 3988 Lehrs.

241 3997 320 4052 nium
332 4001 750 4069 susceperuntButtmannus
806 4003 851 4056 Ar.
870 4020 897 4070 p.
918 4009 977 4059 145.

244 4069 750 4141 Gr.Gr.ubsr.lI‚p.352.Schnei-
841 4073 874 4127 V.
895 4080 955 4128 195.
993 4073 1121 4146 Δεῖμός
1143 4095 1176 4130 τε
1202 4072 1313 4144 Φόβος

243 4141 395 4196 dewinus
419 4141 495 4198 Ocni.
524 4145 585 4198 crit.
612 4161 639 4213 p.
660 4151 693 4197 11
722 4146 752 4198 et
805 4145 857 4215 τε]
882 4145 1000 4201 Pallor
1018 4149 1048 4201 et
1066 4147 1176 4202 Pavor
1193 4145 1311 4201 Latinis.

242 4211 410 4284 Itunkius,
430 4215 466 4269 ab
482 4215 613 4284 analogia
627 4214 752 4269 nondum
806 4216 840 4271 V.
859 4215 929 4271 Liv.
949 4218 970 4286 1,
989 4225 1031 4272 27.
1055 4217 1194 4273 Eclrhel.
1214 4217 1312 4272 Doct.

241 4281 323 4340 video
336 4285 753 4352 commendatum3ncmomnia
805 4305 881 4341 num.
897 4289 930 4357 ΙΙ,
945 4295 970 4343 5.
985 4307 1012 4358 p.
1028 4295 1088 4345 226.
1117 4290 1149 4343 V.
1164 4291 1314 4358 praeterea
