2904 4900
558 293 832 350 rororrorrr.
1161 281 1227 358 339

228 458 420 544 Μουσάων,
444 455 509 526 αἴτ’
534 455 643 543 ἄνδρα
666 455 946 543 πολοφραδίοντα
969 461 1091 521 τιθεῖσι

229 567 388 651 δέσπιον,
412 563 590 650 αὐδήεντα.

157 701 286 774 εὔπορον
308 705 361 778 μέν
384 703 438 777 γὰρ
463 704 494 761 έν
517 686 611 775 λόγοις
634 701 684 759 τόν
706 701 932 775 πολνφρόδμονα
961 702 1050 772 λέγει·
1074 699 1171 757 δεινόν
1196 701 1228 757 δὲ

156 792 211 851 τόν
231 791 388 864 αὐδήεντα·
408 795 457 850 καλ
474 793 598 850 θέσπιον
616 791 667 847 τὸν
687 791 829 864 ἔμπειρον,
849 793 897 847 καὶ
917 787 1087 862 φιλόσοφον,
1113 791 1161 848 καλ
1180 792 1230 861 τῆς

159 880 304 954 ἀληθείας
324 879 505 954 ἐπιστήμονα.

548 1026 658 1094 ooxr.
686 1025 752 1114 (ετ.
777 1026 842 1114 σε.)

234 1149 343 1206 Schol.
368 1150 527 1220 Apollon.
550 1150 642 1206 Rhod.
666 1151 701 1217 Π,
723 1156 789 1204 297:
831 1144 876 1204 ὄτι
903 1146 936 1203 δὲ
960 1142 1084 1216 ηὔξαντο
1112 1144 1141 1200 oi
1165 1146 1230 1216 περὶ

158 1235 254 1310 Ζήτην
273 1239 310 1311 τῷ
330 1238 379 1292 Διὶ
398 1237 578 1310 στραφέντες,
596 1237 672 1308 λέγει
691 1238 738 1302 καὶ
754 1233 893 1300 Ἡσίοδος·

229 1343 303 1414 rvo’
331 1343 395 1430 οἵγ’
421 1343 587 1431 εὐχέσδην
612 1349 742 1436 Αίνηΐφ
765 1341 974 1431 ὑψιμέδοντι.

159 1485 221 1542 ἔστι
243 1482 297 1557 γὰρ
320 1487 370 1541 καλ
391 1483 474 1548 Αἶνος
502 1482 566 1553 ὄρος
594 1487 643 1556 τῆς
666 1488 876 1556 Κεφαλληνίας,
906 1479 979 1540 ὅπου
1002 1483 1135 1554 Αίνησίου
1158 1479 1230 1548 Διὸς

159 1571 241 1645 ἱερόν
260 1571 344 1630 ἔστιν.
364 1605 397 1614 -—
419 1569 596 1638 Ἀπολλόνιος
615 1575 667 1645 μέν
690 1567 743 1631 σόν
766 1573 818 1644 τήν
837 1570 1058 1644 όποστρέφασαν
1081 1569 1147 1635 τοὺς
1165 1573 1230 1643 περὶ

158 1661 256 1734 Ζήτην
269 1655 336 1734 Ἰριν
354 1663 444 1733 λέγει,
459 1659 587 1726 Ἡσίοδος
606 1662 637 1719 δὲ
655 1660 768 1734 Ἑρμῆν.
805 1663 913 1720 Boiss.
933 1680 981 1718 our
1000 1658 1140 1732 εόχεσθον
1162 1663 1228 1717 sori-

156 1753 251 1824 pserit
268 1771 332 1808 oum
350 1753 410 1808 ood.
429 1753 491 1808 Par.
511 1753 613 1808 neseio.
647 1753 775 1808 Ceterum
795 1754 829 1808 of.
849 1753 1013 1807 Klausen:
1033 1753 1084 1806 Dio
1102 1752 1230 1806 Penates

157 1843 183 1896 1.
202 1861 230 1912 p.
250 1848 310 1896 τοι.
438 1833 440 1850 “

582 1949 722 2037 oorfl.)
752 1949 817 2038 85.)

235 2073 346 2128 Schol.
366 2072 523 2142 Apollon.
543 2073 633 2128 Rhod.
648 2073 668 2139 Ι,
684 2078 748 2127 767:
767 2072 901 2143 διαφέρει
915 2069 1026 2143 πλήμνη
1046 2072 1094 2127 ταὶ
1108 2067 1229 2142 πλήσμη,

158 2157 180 2230 ἡ
201 2161 254 2232 μὲν
273 2158 327 2230 γὰρ
345 2156 397 2231 τήν
420 2163 561 2231 γοινιιιίδα
580 2162 711 2233 σημαίνει
733 2161 784 2214 τοῦ
808 2163 922 2231 τροχοῦ,
946 2157 963 2229 ή
988 2159 1020 2215 δὲ
1044 2157 1155 2231 πλήσμη
1178 2157 1230 2230 τήν

158 2245 333 2320 πλημμύραν
346 2250 396 2304 τοῦ
411 2249 549 2318 ποταμοῦ.
583 2246 683 2316 διόπερ
697 2245 767 2318 παρ’
780 2245 900 2322 Ἡσιόδῳ
916 2244 1004 2312 οὕτως
1018 2245 1229 2319 ἀναγνωστέον·

230 2353 331 2437 αὐτὸς
354 2355 386 2423 δ’
412 2359 449 2424 ἐν
471 2354 640 2444 πλήσμησι
664 2358 829 2436 διιπετέος
851 2369 1013 2443 ποταμοῖο

160 2499 212 2555 ναὶ
231 2494 296 2568 οόχ,
320 2493 358 2562 οἷς
376 2517 461 2567 τινες,
483 2493 514 2552 έν
532 2492 686 2568 πλήμνῃσι,
710 2497 738 2552 εί
759 2495 796 2569 μή
823 2497 932 2564 ἔξωθεν
956 2495 1158 2568 προςλοὶβοιμεν
1177 2494 1230 2568 τήν

161 2585 217 2644 σόν
235 2583 384 2658 πρόθεσιν,
403 2581 441 2639 ἵν’
461 2577 480 2657 ή
501 2581 552 2640 σὺν
566 2582 715 2658 πλήσμησι,
734 2588 807 2642 unde
826 2589 901 2641 reete
917 2585 1027 2654 colligit
1041 2587 1227 2644 Maroksoh.

162 2678 301 2748 seriptum
319 2675 404 2730 fuisse
423 2668 510 2735 αότός
522 2672 561 2736 ,δὲ
580 2671 727 2746 πλήσμησι.

560 2836 700 2903 oornr.
728 2835 831 2927 (ττι.)

235 2933 345 3016 Sohol.
364 2961 519 3044 Apotlon.
538 2959 591 3014 Rh.
610 2960 635 3028 Ι,
654 2965 706 3015 456
730 2978 763 3015 ex
781 2960 903 3016 Hesiodo
927 2955 1026 3014 laudat
1044 2966 1139 3032 λαροῑς
1161 2962 1229 3018 ποσλ

160 3067 212 3121 pro
231 3057 289 3112 τοῖς
307 3044 371 3104 κατ’
391 3045 461 3119 ὄφιν
479 3045 590 3118 ἡδέσιν,
614 3067 698 3118 quem
716 3068 792 3105 more
812 3069 862 3106 suo
888 3051 1048 3106 describens
1065 3052 1170 3122 thm.
1190 3052 1228 3108 M.

161 3159 189 3210 p.
210 3145 271 3208 557,
290 3145 306 3194 8
325 3140 379 3193 hoo
397 3139 586 3207 fragmentum
603 3156 660 3193 uno
678 3139 763 3194 verbo
782 3140 891 3195 auctius
908 3141 1038 3210 praebet:

496 3249 620 3329 βαίνον
640 3252 758 3332 λαροῑς
780 3253 866 3314 ποσί.

164 3387 349 3458 Sylburgio
377 3388 478 3458 βαίνου
507 3388 666 3457 suspectum
690 3390 739 3442 est.
779 3389 873 3444 Recte.
922 3388 977 3443 Sed
1001 3389 1105 3458 duplex
1131 3355 1160 3443 in
1184 3390 1229 3444 his

162 3475 256 3531 verbis
276 3492 351 3530 error
370 3479 425 3545 est,
449 3477 520 3530 alter
538 3473 658 3545 librarii,
681 3477 753 3531 alter
776 3477 960 3546 grammatici.
997 3477 1135 3532 Hesiodus
1155 3477 1229 3532 enim

163 3565 325 3634 scripserat:

497 3640 619 3722 βαῖνον
643 3641 795 3722 λιπαροῖς
816 3641 904 3702 ποσί.

163 3779 207 3833 Its
222 3777 324 3848 passim
339 3777 484 3844 Homerus,
502 3777 580 3832 ouius
595 3775 716 3832 orationi
729 3777 873 3832 simillima
886 3781 930 3832 est
944 3777 1090 3832 Hesiodea.
1118 3779 1229 3834 Ruhn-

163 3867 293 3922 kenius.
336 3865 460 3937 [Erravit
482 3865 717 3933 Ruhnkenius,
741 3883 804 3920 oum
827 3857 972 3922 adnotatio
995 3866 1160 3923 scholiastae
1183 3872 1229 3922 λιι-

140 3951 147 3968 *
164 3963 224 4026 ροῑς
242 3954 363 4026 poscat]

560 4079 700 4147 ooxrv.
727 4077 830 4168 (258.)

168 4189 170 4194 Ι
237 4202 346 4258 Schol.
366 4202 476 4272 Apoll.
495 4203 534 4270 11,
554 4208 618 4258 276:
651 4199 714 4272 ἤτοι
736 4202 1121 4273 ταχίονεςτοίνπνοῶντοῦ
1141 4199 1227 4275 λιβός,

164 4286 244 4362 ήείς
261 4286 313 4353 τὰς
331 4286 422 4353 πνοόις
442 4287 566 4360 ἔτρεχον,
591 4286 629 4354 οδς
643 4287 772 4354 Ἡσίοδός
790 4309 884 4362 φησιν.
922 4292 1028 4346 Herm.
1051 4287 1069 4360 ἢ
1097 4294 1143 4346 λ’σα
1167 4299 1229 4355 ταῖς

961 4379 1016 4434 22*
