2904 4900
210 347 273 412 366
533 346 704 397 ΗΣιοΔου
723 331 783 395 εει
804 344 961 395 οαΗΡου

254 502 453 588 κρινθέντες
480 499 596 585 Τρῶάς
617 525 652 567 τε
675 499 730 565 καὶ
745 495 888 585 Ἕκτορα
912 502 989 566 δῖον
1013 503 1166 585 ἔμιμνον,

255 603 440 693 πράξαντες
463 604 549 691 δόρυ
573 609 683 692 δουρί,
706 604 808 684 σάκος
830 603 926 672 σάκεϊ
947 603 1187 694 προθελύμνῳ·
1272 683 1282 688 -

255 710 354 791 ἀσπὶς
376 709 427 796 ἀρ’
452 709 564 779 ἀσπίδ’
590 715 708 800 ἔρειδε,
730 710 833 798 κόρυς
850 709 968 798 κόρυν,
991 708 1096 798 ἀνέρα
1117 707 1146 776 δ’
1167 707 1263 796 ἀνήρ,

254 822 367 900 ψαῦον
393 816 423 884 δ’
451 816 630 904 ίππόκομοι
653 817 799 904 κόρυθες
822 824 1002 904 λαμπροῖσι
1025 815 1164 903 φάλοισι

254 923 441 992 νευόντων·
466 919 511 1003 (ὃς
532 925 656 992 πὐκυολ
679 923 866 1010 ἐφέστασαν
889 920 1096 1008 ἀλλήλοισιν.

257 1032 392 1118 ἔφριξεν
417 1029 454 1098 δέ
478 1029 565 1117 μάχη
589 1035 836 1116 φθισίμβροτος
861 1029 1006 1116 ἐγχείῃσι

256 1151 407 1224 μακραῖς,
431 1132 471 1214 ἀς
493 1134 586 1222 είχου
608 1141 835 1223 ταμεσίχροας.
881 1133 960 1203 όσσε
985 1134 1016 1201 δ’
1042 1133 1189 1222 ἄμερδεν
1284 1144 1338 1204 '41

255 1240 342 1329 αύγή
365 1248 512 1331 χαλκείη,
534 1239 695 1329 κορύθων
719 1240 784 1308 ἀπο
809 1239 1065 1328 λαμπομενάων,

254 1349 423 1436 θωρήκων
447 1375 482 1416 τε
505 1347 732 1434 νεοσμήκτων,
756 1350 886 1416 σακέων
906 1375 941 1416 τε
964 1351 1119 1435 φαεινῶν

256 1455 448 1544 ἐρχομένων
471 1451 601 1540 ἀμυδις.
647 1452 736 1540 μάλα
758 1480 817 1521 κεν
839 1453 1093 1541 θρασυκάρδιος
1116 1461 1168 1538 είη

255 1557 293 1640 ὃς
315 1559 389 1628 τότε
413 1558 596 1645 γηθήσειεν
621 1557 704 1626 ίδων
728 1558 836 1627 πόνον
861 1557 935 1627 οὐδ’
960 1558 1127 1645 ἀκάχοιτο.

299 1701 537 1788 θαυμάσαντες
560 1699 598 1768 δὲ
619 1701 675 1768 καὶ
698 1699 866 1791 ἐντούτῳ
896 1698 957 1768 τὸν
976 1697 1126 1789 Ὅμηρον
1151 1705 1186 1768 οί
1205 1698 1281 1768 Ἕλ-

211 1817 309 1894 ληνες
336 1806 501 1895 ἐπήνουυ,
532 1803 577 1885 ὡς
603 1804 692 1892 παρὰ
719 1804 756 1874 τὸ
789 1810 957 1894 προςῆκου
988 1806 1178 1892 γεγονότων
1211 1811 1281 1874 τόν

211 1915 317 1999 ἐπῶν,
339 1913 395 1979 καὶ
424 1914 578 1979 ἐκέλευον
602 1909 738 1979 διδόναι
765 1910 827 1998 τήν
854 1917 963 1998 νίκην.
1010 1909 1027 1979 ὁ
1059 1911 1096 1980 δέ
1123 1911 1286 1999 βασιλεὺς

158 2027 192 2076 15
211 2017 273 2087 τὸν
291 2017 453 2086 Ἡσίοδον
481 2017 713 2104 ἐστεφάνωσεν
742 2015 845 2085 εἰπάν
870 2021 1003 2085 δίκαιον
1026 2015 1120 2086 ἐἶναι
1142 2016 1205 2087 τὸν
1229 2019 1282 2087 ἐπὶ

212 2131 378 2212 γεωργίαν
416 2124 471 2190 καὶ
508 2123 647 2211 εἰρήνην
683 2122 960 2210 προκαλούμενον
997 2130 1110 2212 νικᾶν,
1141 2124 1183 2194 ού
1221 2124 1282 2193 τὸν

211 2232 379 2318 πολέμους
400 2231 456 2298 καὶ
476 2228 607 2316 σφαγὰς
625 2229 802 2312 διεξιόντα.
834 2234 892 2316 τῆς
910 2229 973 2317 μέν
993 2223 1057 2299 οὖν
1077 2238 1172 2318 νίκης
1193 2230 1281 2299 οὕτω

213 2339 296 2424 φασὶ
318 2351 432 2425 τυχεῖν
450 2334 510 2405 τὸν
528 2335 703 2405 Ἡσίοδον·
726 2337 782 2404 καὶ
802 2336 949 2422 λαβόντα
968 2331 1110 2426 τρίποδα
1133 2342 1285 2425 χαλκοῦν

212 2441 395 2513 ἀναθεῖναι
417 2458 490 2524 ταῖς
512 2442 680 2528 Μούσαις,
704 2441 947 2528 ἐπιγράψαντα·

158 2576 193 2624 20
252 2565 410 2648 Ἡσίοδος
433 2567 590 2646 Μούσαις
608 2565 798 2644 Ἑλικωνίσι
821 2565 915 2636 τόνδ’
941 2566 1121 2654 ἀνέθηκεν,

257 2672 354 2763 ῦμνω
377 2673 518 2759 νικήσας
540 2675 577 2741 ἐν
600 2676 742 2740 Χαλκίδι
765 2683 865 2742 θεῖον
879 2672 1038 2763 Ὅμηρον.

301 2802 363 2865 τοῦ
391 2795 423 2864 δ’
449 2795 580 2883 ἀγῶνος
608 2799 830 2878 διαλυθέντος
859 2801 1055 2866 διέπλευσεν
1084 2796 1102 2866 ὁ
1127 2796 1285 2878 Ἡσίοδος

213 2907 261 2981 είς
282 2900 440 2988 Δελφοὺς
462 2900 681 2990 χρησόμενος,
703 2903 759 2969 καὶ
781 2907 840 2988 τῆς
858 2909 954 2988 νίκης
971 2901 1122 2991 ἀπαρχάς
1141 2908 1187 2996 τῷ
1211 2908 1281 2994 θεῷ

212 3006 409 3094 ἀναθήσων.
453 3010 722 3096 προςερχομένου
755 3007 787 3075 δ’
823 3007 928 3076 αὐτοῦ
960 3014 1005 3101 τῷ
1038 3014 1125 3102 ναῷ,
1157 3015 1282 3078 ἐνθεον

161 3123 195 3170 25
214 3117 402 3200 γενομένην
424 3111 487 3200 τήν
508 3118 677 3202 προφήτίν
701 3134 806 3200 φασιν
831 3119 950 3183 εἰπεῖν·

190 3246 192 3250 ’
259 3255 374 3341 όλβιος
397 3247 495 3334 οὗτος
517 3253 615 3344 ἀνήρ,
639 3252 678 3334 ὃς
702 3255 784 3342 ἐμὸν
809 3255 915 3343 δόμον
939 3254 1172 3344 ἀμφιπολεύει,

254 3358 421 3446 Ἡσίοδος,
444 3361 605 3450 Μούσησι
628 3364 797 3448 τετιμένος
814 3361 1019 3451 ἀθανάτῃσι·

258 3472 320 3535 τοῦ
344 3466 375 3535 δ’
400 3467 475 3554 ήτοι
498 3470 593 3547 κλέος
617 3473 707 3536 ἔσται
731 3467 814 3537 ὅσον
837 3467 866 3536 τ’
893 3472 1100 3538 ἐπικίδναται
1122 3469 1199 3556 ήοός.

261 3571 346 3642 ἀλλὰ
370 3572 456 3654 Διὸς
477 3573 647 3660 πεφύλαξο
672 3580 821 3661 Νεμείου
843 3573 1008 3660 κάλλιμον
1031 3572 1147 3654 ἀλσος·

163 3672 197 3720 30
261 3689 353 3748 κεῖθι
377 3683 417 3748 δέ
437 3707 490 3748 τοι
512 3679 678 3747 θανάτοιο
701 3683 794 3760 τέλος
816 3682 1035 3769 πεπρωμένον
1058 3683 1157 3748 ἐστίν.

306 3820 324 3890 ό
349 3820 381 3889 δ’
406 3820 564 3900 Ἡσίοδος
585 3818 732 3902 ἀκούσας
754 3827 815 3891 τοῦ
837 3827 1006 3912 χρησμοῦ,
1029 3827 1087 3908 της
1107 3831 1282 3892 Πελοπον-

218 3928 328 4015 νήσου
351 3927 412 4015 μδυ
435 3925 607 4015 ἀνεχάρει,
629 3934 769 4015 νομίσας
792 3927 854 4016 τήν
875 3932 944 3997 ἐκεῖ
956 3929 1092 4016 Νεμέαν
1114 3927 1176 3998 τὸν
1198 3928 1284 3999 θεὸν

218 4038 340 4122 λέγειν·
364 4040 412 4114 είς
435 4033 466 4101 δ’
490 4033 620 4120 Οίνόηυ
638 4038 697 4121 τής
711 4039 878 4124 Λοκρίδος
897 4033 1010 4104 ἐλθόν
1033 4035 1189 4103 καταλύει
1207 4031 1282 4119 παρ’

289 4249 323 4302 V.
343 4255 368 4304 3.
404 4247 426 4300 F
446 4241 474 4301 δ’
495 4243 558 4315 ἀρ’.

289 4319 323 4373 V.
343 4324 386 4372 28.
424 4311 519 4389 ὅσον]
540 4312 610 4386 ὅσην
627 4319 649 4372 F
669 4321 697 4372 et
717 4318 744 4372 S.
