2904 4900
671 289 847 346 HESIODI

574 486 809 554 onxxxvnr.
837 485 941 573 (τοι.)

292 610 433 680 Diogen.
453 610 483 666 L.
503 610 581 680 VIII,
602 618 634 678 1,
661 618 709 665 26:
733 605 803 664 οἶλλοὶ
823 605 880 679 μὴν
897 609 946 664 καὶ
965 606 1015 664 τόν
1034 604 1159 678 ούρανὸν
1178 611 1286 678 πρῶτον

211 694 361 768 ’όνομόσαι
389 694 496 768 κόσμον
524 699 574 753 καὶ
600 695 653 767 τὴν
680 699 735 767 γῆν
759 693 932 767 στρογγύλην
956 694 1168 768 (Πυθαγόραν)·
1196 693 1233 760 ὡς
1255 695 1285 753 δὲ

220 781 414 856 Θεόφραστος,
433 788 626 858 Παρμενίδην,
646 782 683 850 ὡς
701 784 733 841 δὲ
753 783 861 855 Ζήνων,
878 781 1016 842 Ἡσίοδον.

592 1002 799 1068 onrrxrx.
832 1000 912 1088 (63.)
1000 1009 1039 1041 ·-

289 1124 417 1179 Strabo
441 1126 502 1180 VII.
525 1144 553 1195 p.
576 1131 642 1180 302:
663 1119 793 1178 Ἡσίοδον
817 1121 848 1178 θλ
876 1120 907 1178 ἐν
926 1124 959 1195 τῇ
980 1121 1140 1195 καλουμένῃ
1161 1125 1220 1193 Γῆς
1237 1144 1284 1179 τιε-

218 1208 307 1286 ριόθςο
326 1207 376 1267 τὸν
396 1213 484 1268 Φινέα
503 1208 560 1268 ὑπὸ
580 1212 635 1266 τῶν
651 1206 787 1282 Ἁρπυιῶν
806 1207 930 1282 όῖγεσθοιι

285 1319 535 1406 Γλακτοφύγων
559 1322 607 1398 είς
630 1316 724 1402 αἶαν,
748 1316 892 1405 ἀπήναις
915 1317 993 1387 οἰκί’
1019 1318 1175 1406 ἐχόντων.

217 1445 271 1498 Pro
292 1438 418 1513 ἀπήναις
440 1444 609 1498 Porsonus
631 1443 661 1496 in
684 1443 799 1498 Advers.
826 1445 894 1498 extr.
919 1437 1040 1512 ἀπήνας.
1076 1444 1175 1500 Monet
1196 1445 1284 1514 Hey-

216 1531 297 1587 nius
316 1532 352 1587 ed
370 1532 501 1602 Apollod.
520 1533 542 1601 Ι,
560 1537 586 1600 9,
606 1537 654 1585 21:
674 1548 747 1601 „non
765 1530 807 1585 its
826 1530 1033 1601 accipiendum,
1053 1549 1087 1588 ee
1106 1534 1129 1587 si
1148 1533 1285 1588 Hesiodus

216 1620 275 1675 tele
295 1637 406 1675 oermen
425 1618 576 1690 scripserit,
596 1619 644 1674 sed
663 1621 804 1675 servatum
825 1617 905 1673 illum
923 1619 1039 1674 Hesiodi
1056 1637 1168 1676 versum
1184 1621 1294 1676 Strabo

217 1708 384 1763 meminerat
401 1709 431 1762 in
450 1708 506 1763 alio
525 1725 608 1778 opere
628 1707 667 1764 sie
684 1707 830 1776 inscripto,
848 1727 875 1764 ν.
896 1725 919 1762 ο.
939 1707 1074 1763 Eudoxi.“
1113 1710 1283 1767 Gnisford.

216 1797 302 1852 Recte
326 1796 458 1865 Heynins.
497 1797 552 1852 Sed
576 1796 699 1866 pertinet
723 1796 777 1850 hoo
797 1797 832 1850 ad
851 1797 1079 1867 Eratosthenem,
1102 1814 1158 1852 non
1177 1798 1213 1853 ed
1231 1798 1283 1852 Eu-

217 1886 329 1940 doxum.
367 1885 480 1940 Lehrn
510 1883 622 1950 Quaest.
642 1901 705 1954 epp.
724 1902 751 1954 p.
771 1889 821 1939 261
844 1879 873 1946 ίς
892 1890 986 1952 γαῖαν.
1006 1918 1038 1926 -
1060 1880 1164 1956 [fossl’
1184 1886 1239 1958 PL]

650 2098 742 2166 exe.
772 2098 854 2186 (er.)

288 2221 410 2276 Strabo
429 2222 489 2276 VII.
509 2241 536 2292 p.
559 2227 623 2276 300:
652 2223 711 2283 πῶς
739 2214 791 2276 οὖν
815 2217 914 2290 ἠγνόει
942 2216 1008 2283 τούς
1030 2216 1151 2284 Σκύθας
1170 2217 1185 2277 ὁ
1204 2242 1284 2292 nosp-

215 2305 277 2379 τής,
301 2304 504 2379 Ἶπκημολγούς
530 2309 580 2365 καλ
607 2307 850 2378 Γαλακτοφοίγους
879 2305 958 2370 τινὰς
987 2306 1217 2380 προςαγορεύων;
1242 2306 1285 2365 ότι

215 2393 269 2466 γὰρ
295 2395 325 2452 οἱ
345 2394 409 2453 τότε
433 2394 550 2461 τούτους
574 2393 779 2468 (Ιακημολγούς
803 2393 937 2467 ἐκάλουν,
960 2397 1010 2451 καλ
1029 2393 1156 2462 Ἡσίοδος
1180 2397 1284 2471 μοίρτυς

216 2483 247 2540 ἐν
266 2492 327 2550 τοῖς
346 2481 394 2541 ὑπ’
411 2481 636 2555 Ἐρατοσθένους
655 2489 860 2555 καρατοθεῖσιν
880 2483 989 2541 ἔντεσιν·

306 2593 472 2673 Αἰθίοπάς
493 2620 527 2662 τε
551 2594 693 2680 Λιγυστὶ
718 2596 766 2677 δι’,
790 2592 932 2672 Σκύθας
956 2596 1192 2680 ίιιτιημολγούς.

215 2717 335 2772 Versum
358 2717 399 2772 sio
420 2717 571 2787 legendum
594 2719 676 2786 putet
698 2717 851 2783 Heynius
874 2717 911 2772 ed
935 2717 1047 2772 Homer.
1071 2717 1152 2773 Ilisd.
1171 2718 1250 2787 XIII,
1269 2725 1284 2773 6

214 2824 241 2875 p.
261 2811 327 2860 369:

303 2915 469 2990 Αἰθίοπες
492 2913 615 2997 Λίβυές
637 2909 670 2979 τ’
695 2909 757 2998 ἠδὲ
780 2910 915 2980 Σκύθαι
940 2915 1151 2999 ίπκιγμολγοί.

216 3035 331 3102 Neeke
351 3036 386 3090 nd
406 3033 525 3090 Choeril.
544 3053 571 3104 p.
592 3041 656 3090 124:

304 3147 473 3221 Attienus
496 3141 625 3228 Λίγυύς
647 3169 681 3210 τε
706 3143 756 3209 iii
779 3141 921 3222 Σκύθας
945 3143 1182 3230 ἱππημολγούς.

108 3263 112 3273 '
214 3265 454 3322 Meroksoheff.
481 3266 558 3335 prins
586 3283 615 3319 τε
640 3266 746 3321 servari
772 3281 854 3336 posse
876 3270 972 3338 putet,
1000 3267 1081 3322 modo
1105 3269 1214 3336 Λίγυας
1236 3285 1284 3339 per

214 3354 353 3424 synizesin
380 3354 555 3425 pronunties,
585 3354 661 3424 qnod
683 3355 754 3409 mihi
779 3355 892 3424 quidem
915 3357 943 3413 h.
967 3357 986 3411 l.
1014 3374 1113 3426 perum
1139 3357 1284 3426 probabile

213 3443 332 3498 videtur.
367 3441 503 3498 Similiter
515 3442 714 3512 Bernhardy
727 3445 869 3499 Eratosth.
884 3463 911 3514 p.
927 3449 973 3499 42:
999 3441 1141 3507 Αἰθίοπάς
1153 3463 1184 3499 τι
1198 3446 1284 3514 Λίγυς

213 3525 241 3585 τ’
261 3525 314 3600 ἠδὲ
338 3534 390 3586 Σιι.
433 3530 551 3586 Osann.
575 3531 604 3585 in
629 3532 705 3586 Dinr.
729 3532 825 3600 Antiq.
851 3538 918 3587 1841
942 3551 970 3602 p.
995 3539 1047 3587 644
1077 3552 1107 3587 τε
1131 3533 1220 3603 Λίβυς
1247 3528 1283 3588 τ’.

212 3615 556 3682 ΑοοοσολίτοιοΣκύθας
581 3622 742 3689 correptum
770 3620 799 3674 in
823 3620 916 3675 nnimo
946 3621 1047 3676 habuit
1069 3620 1283 3676 Herodianus

211 3708 277 3778 περὶ
297 3711 367 3779 διχρ.
387 3727 431 3778 ap.
452 3708 572 3764 Cramer.
590 3709 697 3764 Aneod.
717 3708 804 3763 Oxon.
824 3709 871 3763 III.
891 3727 918 3779 p.
939 3715 1004 3763 296:
1034 3705 1064 3763 τό
1086 3704 1282 3779 ἐκτεινόμενον

213 3806 231 3852 ο“ι
262 3793 309 3853 tui
336 3798 536 3866 πληθυντικῶν
564 3796 728 3853 αἰτιατικῶν
756 3795 786 3852 oi
807 3803 927 3865 Δωριεῖς
951 3795 1141 3867 συστέλλουσι,
1169 3799 1283 3865 ναύτας,

212 3883 343 3949 Σκύθας.
378 3886 423 3956 [V.
443 3886 622 3942 Herodian.
642 3887 674 3940 Π.
694 3904 721 3955 p.
745 3891 784 3940 16.
805 3885 912 3957 henin]

635 4065 745 4131 error.
769 4064 855 4150 (τι.)

286 4184 400 4240 Sohol.
419 4187 574 4256 Aesohyl.
595 4188 685 4243 Prom.
707 4193 772 4241 793:
804 4185 869 4256 περὶ
892 4187 1007 4258 γρυπῶν
1022 4183 1152 4251 Ἡσίοδος
1174 4187 1283 4258 πρῶτος

213 4268 426 4343 ἐτερατεύσατο.
