<?xml version="1.0" encoding="UTF-8"?>
<!DOCTYPE html PUBLIC "-//W3C//DTD XHTML 1.0 Transitional//EN"
    "http://www.w3.org/TR/xhtml1/DTD/xhtml1-transitional.dtd">
<html xmlns="http://www.w3.org/1999/xhtml" xml:lang="en" lang="en">
 <head>
  <title>
</title>
<meta http-equiv="Content-Type" content="text/html;charset=utf-8" />
  <meta name='ocr-system' content='tesseract 3.04.00' />
  <meta name='ocr-capabilities' content='ocr_page ocr_carea ocr_par ocr_line ocrx_word'/>
</head>
<body>
  <div class='ocr_page' id='page_1' title='image "./hesiodicarmina02hesigoog_0478.png"; bbox 0 0 2902 4900; ppageno 0'>
   <div class='ocr_carea' id='block_1_1' title="bbox 623 349 1213 417">
    <p class='ocr_par' dir='ltr' id='par_1_1' title="bbox 623 349 1213 417">
     <span class='ocr_line' id='line_1_1' title="bbox 623 349 1213 417; baseline -0.005 -19"><span class='ocrx_word' id='word_1_1' title='bbox 623 349 732 401; x_wconf 67' lang='lat' dir='ltr'>Aret.</span> <span class='ocrx_word' id='word_1_2' title='bbox 1151 353 1213 417; x_wconf 68' lang='lat'><strong><em>367</em></strong></span> 
     </span>
    </p>
   </div>
   <div class='ocr_carea' id='block_1_2' title="bbox 84 501 1333 3042">
    <p class='ocr_par' dir='ltr' id='par_1_2' title="bbox 84 501 1333 1976">
     <span class='ocr_line' id='line_1_2' title="bbox 140 501 1214 594; baseline 0.003 -23"><span class='ocrx_word' id='word_1_3' title='bbox 140 501 341 591; x_wconf 82' lang='grc' dir='ltr'><strong><em>Ἀμφιφάυει</em></strong></span> <span class='ocrx_word' id='word_1_4' title='bbox 365 504 421 572; x_wconf 81' lang='grc' dir='ltr'><strong><em>καὶ</em></strong></span> <span class='ocrx_word' id='word_1_5' title='bbox 444 501 649 592; x_wconf 80' lang='grc' dir='ltr'><strong><em>Γανύκτορι,</em></strong></span> <span class='ocrx_word' id='word_1_6' title='bbox 678 517 749 584; x_wconf 87' lang='grc' dir='ltr'><strong><em>τοῖς</em></strong></span> <span class='ocrx_word' id='word_1_7' title='bbox 776 508 913 591; x_wconf 81' lang='grc' dir='ltr'><em>Φηγέως</em></span> <span class='ocrx_word' id='word_1_8' title='bbox 935 511 1067 590; x_wconf 89' lang='grc' dir='ltr'><strong><em>παισίν,</em></strong></span> <span class='ocrx_word' id='word_1_9' title='bbox 1091 503 1214 594; x_wconf 88' lang='grc' dir='ltr'><strong><em>ἀγνοή-</em></strong></span> 
     </span>
     <span class='ocr_line' id='line_1_3' title="bbox 144 603 1212 699; baseline 0.003 -21"><span class='ocrx_word' id='word_1_10' title='bbox 144 631 203 691; x_wconf 92' lang='grc' dir='ltr'><strong><em>σας</em></strong></span> <span class='ocrx_word' id='word_1_11' title='bbox 234 609 272 679; x_wconf 89' lang='grc' dir='ltr'><strong><em>τὸ</em></strong></span> <span class='ocrx_word' id='word_1_12' title='bbox 307 623 475 699; x_wconf 82' lang='grc' dir='ltr'><strong><em>μαντεῖον.</em></strong></span> <span class='ocrx_word' id='word_1_13' title='bbox 526 607 544 677; x_wconf 90' lang='grc' dir='ltr'>ὁ</span> <span class='ocrx_word' id='word_1_14' title='bbox 577 608 642 698; x_wconf 79' lang='grc' dir='ltr'><strong><em>γὰρ</em></strong></span> <span class='ocrx_word' id='word_1_15' title='bbox 671 610 775 691; x_wconf 92' lang='grc' dir='ltr'><strong><em>τόπος</em></strong></span> <span class='ocrx_word' id='word_1_16' title='bbox 812 603 910 691; x_wconf 82' lang='grc' dir='ltr'><strong><em>οὗτος</em></strong></span> <span class='ocrx_word' id='word_1_17' title='bbox 941 611 1028 692; x_wconf 81' lang='grc' dir='ltr'><strong><em>ἅπας</em></strong></span> <span class='ocrx_word' id='word_1_18' title='bbox 1065 615 1212 682; x_wconf 81' lang='grc' dir='ltr'><strong><em>ἐκαλεῖτο</em></strong></span> 
     </span>
     <span class='ocr_line' id='line_1_4' title="bbox 84 714 1267 810; baseline 0.006 -25"><span class='ocrx_word' id='word_1_19' title='bbox 84 716 235 797; x_wconf 57' lang='lat' dir='ltr'>mames</span> <span class='ocrx_word' id='word_1_20' title='bbox 258 722 408 804; x_wconf 83' lang='grc' dir='ltr'><strong><em>Νεμείου</em></strong></span> <span class='ocrx_word' id='word_1_21' title='bbox 431 714 534 804; x_wconf 89' lang='grc' dir='ltr'><strong><em>ίερόν.</em></strong></span> <span class='ocrx_word' id='word_1_22' title='bbox 574 720 748 803; x_wconf 78' lang='grc' dir='ltr'><strong><em>διατριβῆς</em></strong></span> <span class='ocrx_word' id='word_1_23' title='bbox 771 715 802 784; x_wconf 84' lang='grc' dir='ltr'><strong><em>δ’</em></strong></span> <span class='ocrx_word' id='word_1_24' title='bbox 827 717 916 810; x_wconf 76' lang='grc' dir='ltr'><strong><em>αὐτῷ</em></strong></span> <span class='ocrx_word' id='word_1_25' title='bbox 939 725 1095 800; x_wconf 91' lang='grc' dir='ltr'><strong><em>πλείονος</em></strong></span> <span class='ocrx_word' id='word_1_26' title='bbox 1117 747 1213 806; x_wconf 87' lang='grc' dir='ltr'><strong><em>γενο-</em></strong></span> <span class='ocrx_word' id='word_1_27' title='bbox 1232 745 1267 793; x_wconf 73' lang='lat'><strong><em>42</em></strong></span> 
     </span>
     <span class='ocr_line' id='line_1_5' title="bbox 142 821 1214 911; baseline 0.002 -19"><span class='ocrx_word' id='word_1_28' title='bbox 142 827 245 911; x_wconf 81' lang='grc' dir='ltr'><strong><em>μένης</em></strong></span> <span class='ocrx_word' id='word_1_29' title='bbox 272 826 309 892; x_wconf 83' lang='grc' dir='ltr'><strong><em>έν</em></strong></span> <span class='ocrx_word' id='word_1_30' title='bbox 336 838 407 903; x_wconf 87' lang='grc' dir='ltr'><strong><em>τοῖς</em></strong></span> <span class='ocrx_word' id='word_1_31' title='bbox 435 829 669 908; x_wconf 85' lang='grc' dir='ltr'><strong><em>Οίνεωνεῖσιν,</em></strong></span> <span class='ocrx_word' id='word_1_32' title='bbox 701 821 953 910; x_wconf 80' lang='grc' dir='ltr'><em>ὑπονοήσαντες</em></span> <span class='ocrx_word' id='word_1_33' title='bbox 981 829 1016 893; x_wconf 88' lang='grc' dir='ltr'><strong><em>οί</em></strong></span> <span class='ocrx_word' id='word_1_34' title='bbox 1041 833 1214 896; x_wconf 86' lang='grc' dir='ltr'><strong><em>νεανίσκοι</em></strong></span> 
     </span>
     <span class='ocr_line' id='line_1_6' title="bbox 105 927 1214 1018; baseline 0.002 -19"><span class='ocrx_word' id='word_1_35' title='bbox 105 952 122 999; x_wconf 82' lang='lat'><strong>5</strong></span> <span class='ocrx_word' id='word_1_36' title='bbox 142 929 205 1018; x_wconf 87' lang='grc' dir='ltr'><strong><em>τήν</em></strong></span> <span class='ocrx_word' id='word_1_37' title='bbox 229 927 381 1017; x_wconf 83' lang='grc' dir='ltr'><strong><em>ἀδελφήν</em></strong></span> <span class='ocrx_word' id='word_1_38' title='bbox 405 928 519 997; x_wconf 80' lang='grc' dir='ltr'><strong><em>αὐτῶν</em></strong></span> <span class='ocrx_word' id='word_1_39' title='bbox 538 928 709 1016; x_wconf 82' lang='grc' dir='ltr'><strong><em>μοιχεύειν</em></strong></span> <span class='ocrx_word' id='word_1_40' title='bbox 727 929 787 998; x_wconf 87' lang='grc' dir='ltr'><strong><em>τὸν</em></strong></span> <span class='ocrx_word' id='word_1_41' title='bbox 806 928 979 1017; x_wconf 89' lang='grc' dir='ltr'><strong><em>Ἡσίοδον,</em></strong></span> <span class='ocrx_word' id='word_1_42' title='bbox 998 931 1214 1001; x_wconf 89' lang='grc' dir='ltr'><strong><em>ἀποκτείναν-</em></strong></span> 
     </span>
     <span class='ocr_line' id='line_1_7' title="bbox 141 1032 1215 1127; baseline 0.002 -22"><span class='ocrx_word' id='word_1_43' title='bbox 141 1063 195 1117; x_wconf 89' lang='grc' dir='ltr'><strong><em>τες</em></strong></span> <span class='ocrx_word' id='word_1_44' title='bbox 218 1041 266 1116; x_wconf 86' lang='grc' dir='ltr'><strong><em>είς</em></strong></span> <span class='ocrx_word' id='word_1_45' title='bbox 287 1034 325 1105; x_wconf 89' lang='grc' dir='ltr'><strong><em>τὸ</em></strong></span> <span class='ocrx_word' id='word_1_46' title='bbox 346 1032 468 1123; x_wconf 81' lang='grc' dir='ltr'><strong><em>μεταξὺ</em></strong></span> <span class='ocrx_word' id='word_1_47' title='bbox 486 1038 545 1122; x_wconf 88' lang='grc' dir='ltr'><strong><em>τῆς</em></strong></span> <span class='ocrx_word' id='word_1_48' title='bbox 563 1033 713 1123; x_wconf 82' lang='grc' dir='ltr'><strong><em>Εὐβοίας</em></strong></span> <span class='ocrx_word' id='word_1_49' title='bbox 733 1039 790 1105; x_wconf 83' lang='grc' dir='ltr'><strong><em>καὶ</em></strong></span> <span class='ocrx_word' id='word_1_50' title='bbox 812 1042 870 1124; x_wconf 91' lang='grc' dir='ltr'><strong><em>τῆς</em></strong></span> <span class='ocrx_word' id='word_1_51' title='bbox 885 1042 1052 1127; x_wconf 77' lang='grc' dir='ltr'><strong><em>Λοκρίδος</em></strong></span> <span class='ocrx_word' id='word_1_52' title='bbox 1070 1042 1215 1126; x_wconf 85' lang='grc' dir='ltr'><strong><em>πέλαγος</em></strong></span> 
     </span>
     <span class='ocr_line' id='line_1_8' title="bbox 141 1141 1213 1233; baseline 0.002 -22"><span class='ocrx_word' id='word_1_53' title='bbox 141 1142 394 1211; x_wconf 81' lang='grc' dir='ltr'><strong><em>κατεπόντισαν.</em></strong></span> <span class='ocrx_word' id='word_1_54' title='bbox 439 1145 500 1209; x_wconf 83' lang='grc' dir='ltr'><strong><em>τοῦ</em></strong></span> <span class='ocrx_word' id='word_1_55' title='bbox 534 1141 571 1209; x_wconf 81' lang='grc' dir='ltr'><strong><em>δὲ</em></strong></span> <span class='ocrx_word' id='word_1_56' title='bbox 607 1147 731 1230; x_wconf 79' lang='grc' dir='ltr'><strong><em>νεκροῦ</em></strong></span> <span class='ocrx_word' id='word_1_57' title='bbox 763 1150 913 1231; x_wconf 81' lang='grc' dir='ltr'><strong><em>τριταῖον</em></strong></span> <span class='ocrx_word' id='word_1_58' title='bbox 940 1142 1025 1233; x_wconf 89' lang='grc' dir='ltr'><strong><em>πρός</em></strong></span> <span class='ocrx_word' id='word_1_59' title='bbox 1052 1144 1114 1232; x_wconf 87' lang='grc' dir='ltr'><strong><em>τήν</em></strong></span> <span class='ocrx_word' id='word_1_60' title='bbox 1146 1151 1213 1232; x_wconf 90' lang='grc' dir='ltr'><strong><em>γῆν</em></strong></span> 
     </span>
     <span class='ocr_line' id='line_1_9' title="bbox 141 1247 1213 1339; baseline 0.003 -21"><span class='ocrx_word' id='word_1_61' title='bbox 141 1247 208 1318; x_wconf 82' lang='grc' dir='ltr'><strong><em>ὑπὸ</em></strong></span> <span class='ocrx_word' id='word_1_62' title='bbox 243 1253 415 1336; x_wconf 74' lang='grc' dir='ltr'><strong><em>δελφίνων</em></strong></span> <span class='ocrx_word' id='word_1_63' title='bbox 443 1250 737 1337; x_wconf 87' lang='grc' dir='ltr'><strong><em>προςενεχθέντος,</em></strong></span> <span class='ocrx_word' id='word_1_64' title='bbox 768 1252 884 1338; x_wconf 82' lang='grc' dir='ltr'><strong><em>ἑορτῆς</em></strong></span> <span class='ocrx_word' id='word_1_65' title='bbox 910 1277 1003 1330; x_wconf 92' lang='grc' dir='ltr'><strong><em>τινος</em></strong></span> <span class='ocrx_word' id='word_1_66' title='bbox 1033 1254 1213 1339; x_wconf 78' lang='grc' dir='ltr'><strong><em>ἐπιχωρίου</em></strong></span> 
     </span>
     <span class='ocr_line' id='line_1_10' title="bbox 142 1353 1212 1445; baseline 0 -22"><span class='ocrx_word' id='word_1_67' title='bbox 142 1354 217 1445; x_wconf 90' lang='grc' dir='ltr'><strong><em>παρ’</em></strong></span> <span class='ocrx_word' id='word_1_68' title='bbox 244 1353 359 1435; x_wconf 81' lang='grc' dir='ltr'><strong><em>αὐτοῖς</em></strong></span> <span class='ocrx_word' id='word_1_69' title='bbox 383 1353 487 1442; x_wconf 82' lang='grc' dir='ltr'><strong><em>οὔσης</em></strong></span> <span class='ocrx_word' id='word_1_70' title='bbox 501 1353 592 1423; x_wconf 90' lang='grc' dir='ltr'><strong><em>Ῥίου</em></strong></span> <span class='ocrx_word' id='word_1_71' title='bbox 605 1353 751 1442; x_wconf 82' lang='grc' dir='ltr'><strong><em>ἁγνείας,</em></strong></span> <span class='ocrx_word' id='word_1_72' title='bbox 775 1356 895 1436; x_wconf 83' lang='grc' dir='ltr'><strong><em>πάντες</em></strong></span> <span class='ocrx_word' id='word_1_73' title='bbox 914 1359 966 1425; x_wconf 76' lang='grc' dir='ltr'><strong><em>ἐπὶ</em></strong></span> <span class='ocrx_word' id='word_1_74' title='bbox 980 1355 1042 1425; x_wconf 87' lang='grc' dir='ltr'><strong><em>τόν</em></strong></span> <span class='ocrx_word' id='word_1_75' title='bbox 1057 1357 1212 1444; x_wconf 81' lang='grc' dir='ltr'><strong><em>αἰγιαλὸν</em></strong></span> 
     </span>
     <span class='ocr_line' id='line_1_11' title="bbox 89 1460 1333 1551; baseline -0.002 -21"><span class='ocrx_word' id='word_1_76' title='bbox 89 1484 123 1534; x_wconf 89' lang='lat'><strong><em>10</em></strong></span> <span class='ocrx_word' id='word_1_77' title='bbox 144 1467 305 1551; x_wconf 80' lang='grc' dir='ltr'><strong><em>ἔδραμον·</em></strong></span> <span class='ocrx_word' id='word_1_78' title='bbox 333 1463 388 1530; x_wconf 83' lang='grc' dir='ltr'><strong><em>καλ</em></strong></span> <span class='ocrx_word' id='word_1_79' title='bbox 415 1460 453 1530; x_wconf 90' lang='grc' dir='ltr'><strong><em>τὸ</em></strong></span> <span class='ocrx_word' id='word_1_80' title='bbox 483 1466 578 1550; x_wconf 79' lang='grc' dir='ltr'><strong><em>σῶμα</em></strong></span> <span class='ocrx_word' id='word_1_81' title='bbox 606 1467 847 1551; x_wconf 77' lang='grc' dir='ltr'><strong><em>γνωρίσαντες,</em></strong></span> <span class='ocrx_word' id='word_1_82' title='bbox 871 1465 979 1531; x_wconf 86' lang='grc' dir='ltr'><strong><em>έκεῖνο</em></strong></span> <span class='ocrx_word' id='word_1_83' title='bbox 1003 1463 1066 1551; x_wconf 70' lang='grc' dir='ltr'><strong><em>μὲν</em></strong></span> <span class='ocrx_word' id='word_1_84' title='bbox 1088 1464 1213 1551; x_wconf 86' lang='grc' dir='ltr'><strong><em>πενθή-</em></strong></span> <span class='ocrx_word' id='word_1_85' title='bbox 1330 1525 1333 1528; x_wconf 88' lang='grc'><strong><em>.</em></strong></span> 
     </span>
     <span class='ocr_line' id='line_1_12' title="bbox 143 1567 1212 1658; baseline 0 -20"><span class='ocrx_word' id='word_1_86' title='bbox 143 1589 262 1649; x_wconf 90' lang='grc' dir='ltr'><strong><em>σαντες</em></strong></span> <span class='ocrx_word' id='word_1_87' title='bbox 285 1574 431 1655; x_wconf 77' lang='grc' dir='ltr'><strong><em>ἔθαψαν,</em></strong></span> <span class='ocrx_word' id='word_1_88' title='bbox 454 1567 534 1648; x_wconf 80' lang='grc' dir='ltr'><strong><em>τοὺς</em></strong></span> <span class='ocrx_word' id='word_1_89' title='bbox 557 1568 594 1636; x_wconf 71' lang='grc' dir='ltr'><strong><em>δὲ</em></strong></span> <span class='ocrx_word' id='word_1_90' title='bbox 618 1582 736 1656; x_wconf 79' lang='grc' dir='ltr'><strong><em>φονεῖς</em></strong></span> <span class='ocrx_word' id='word_1_91' title='bbox 758 1567 950 1655; x_wconf 84' lang='grc' dir='ltr'><strong><em>ἀνεζήτουν.</em></strong></span> <span class='ocrx_word' id='word_1_92' title='bbox 989 1574 1025 1638; x_wconf 89' lang='grc' dir='ltr'><strong><em>οί</em></strong></span> <span class='ocrx_word' id='word_1_93' title='bbox 1045 1569 1083 1638; x_wconf 70' lang='grc' dir='ltr'><strong><em>δὲ</em></strong></span> <span class='ocrx_word' id='word_1_94' title='bbox 1106 1576 1212 1658; x_wconf 88' lang='grc' dir='ltr'><strong><em>φοβη-</em></strong></span> 
     </span>
     <span class='ocr_line' id='line_1_13' title="bbox 141 1662 1324 1764; baseline 0.001 -20"><span class='ocrx_word' id='word_1_95' title='bbox 141 1678 262 1756; x_wconf 89' lang='grc' dir='ltr'><strong><em>θέντες</em></strong></span> <span class='ocrx_word' id='word_1_96' title='bbox 283 1674 345 1764; x_wconf 86' lang='grc' dir='ltr'><strong><em>τήν</em></strong></span> <span class='ocrx_word' id='word_1_97' title='bbox 375 1680 443 1744; x_wconf 81' lang='grc' dir='ltr'><strong><em>τῶν</em></strong></span> <span class='ocrx_word' id='word_1_98' title='bbox 466 1680 614 1744; x_wconf 81' lang='grc' dir='ltr'><strong><em>πολιτῶν</em></strong></span> <span class='ocrx_word' id='word_1_99' title='bbox 638 1674 755 1762; x_wconf 88' lang='grc' dir='ltr'><strong><em>όργήν,</em></strong></span> <span class='ocrx_word' id='word_1_100' title='bbox 778 1662 1049 1757; x_wconf 73' lang='grc' dir='ltr'><strong><em>κατασπάσαντες</em></strong></span> <span class='ocrx_word' id='word_1_101' title='bbox 1070 1674 1212 1747; x_wconf 83' lang='grc' dir='ltr'><strong><em>ἀλιευτι-</em></strong></span> <span class='ocrx_word' id='word_1_102' title='bbox 1317 1709 1324 1716; x_wconf 92' lang='grc'><strong><em>·</em></strong></span> 
     </span>
     <span class='ocr_line' id='line_1_14' title="bbox 141 1777 1211 1870; baseline 0.001 -19"><span class='ocrx_word' id='word_1_103' title='bbox 141 1781 204 1851; x_wconf 86' lang='grc' dir='ltr'><strong><em>κὸν</em></strong></span> <span class='ocrx_word' id='word_1_104' title='bbox 227 1781 357 1869; x_wconf 79' lang='grc' dir='ltr'><strong><em>σκάφος</em></strong></span> <span class='ocrx_word' id='word_1_105' title='bbox 381 1783 581 1850; x_wconf 79' lang='grc' dir='ltr'><strong><em>διέπλευσαν</em></strong></span> <span class='ocrx_word' id='word_1_106' title='bbox 603 1786 650 1861; x_wconf 86' lang='grc' dir='ltr'><strong><em>είς</em></strong></span> <span class='ocrx_word' id='word_1_107' title='bbox 665 1780 815 1869; x_wconf 83' lang='grc' dir='ltr'><strong><em>Κρήτην·</em></strong></span> <span class='ocrx_word' id='word_1_108' title='bbox 841 1777 900 1861; x_wconf 80' lang='grc' dir='ltr'><strong><em>οὓς</em></strong></span> <span class='ocrx_word' id='word_1_109' title='bbox 922 1781 1004 1850; x_wconf 90' lang='grc' dir='ltr'><strong><em>κατά</em></strong></span> <span class='ocrx_word' id='word_1_110' title='bbox 1028 1786 1132 1870; x_wconf 84' lang='grc' dir='ltr'><strong><em>μέσον</em></strong></span> <span class='ocrx_word' id='word_1_111' title='bbox 1150 1783 1211 1852; x_wconf 89' lang='grc' dir='ltr'><strong><em>τὸν</em></strong></span> 
     </span>
     <span class='ocr_line' id='line_1_15' title="bbox 141 1886 1213 1976; baseline 0.001 -20"><span class='ocrx_word' id='word_1_112' title='bbox 141 1893 253 1956; x_wconf 80' lang='grc' dir='ltr'><strong><em>πλοῦν</em></strong></span> <span class='ocrx_word' id='word_1_113' title='bbox 272 1886 290 1958; x_wconf 85' lang='grc' dir='ltr'>ὁ</span> <span class='ocrx_word' id='word_1_114' title='bbox 306 1888 391 1968; x_wconf 81' lang='grc' dir='ltr'><strong><em>Ζεὺς</em></strong></span> <span class='ocrx_word' id='word_1_115' title='bbox 408 1887 625 1976; x_wconf 74' lang='grc' dir='ltr'><strong><em>κεραυνώσας</em></strong></span> <span class='ocrx_word' id='word_1_116' title='bbox 642 1887 906 1973; x_wconf 86' lang='grc' dir='ltr'><strong><em>κατεπόντωσεν,</em></strong></span> <span class='ocrx_word' id='word_1_117' title='bbox 925 1887 971 1967; x_wconf 76' lang='grc' dir='ltr'><strong><em>ἀς</em></strong></span> <span class='ocrx_word' id='word_1_118' title='bbox 989 1909 1095 1976; x_wconf 92' lang='grc' dir='ltr'><strong><em>φησιν</em></strong></span> <span class='ocrx_word' id='word_1_119' title='bbox 1111 1888 1213 1957; x_wconf 87' lang='grc' dir='ltr'><strong><em>Ἀλκι-</em></strong></span> 
     </span>
    </p>

    <p class='ocr_par' dir='ltr' id='par_1_3' title="bbox 91 1993 1215 2509">
     <span class='ocr_line' id='line_1_16' title="bbox 91 1993 1213 2088; baseline 0 -25"><span class='ocrx_word' id='word_1_120' title='bbox 91 2017 124 2066; x_wconf 85' lang='lat'><strong><em>15</em></strong></span> <span class='ocrx_word' id='word_1_121' title='bbox 145 1994 253 2082; x_wconf 89' lang='grc' dir='ltr'><strong><em>δάμας</em></strong></span> <span class='ocrx_word' id='word_1_122' title='bbox 276 1997 313 2063; x_wconf 87' lang='grc' dir='ltr'><strong><em>έν</em></strong></span> <span class='ocrx_word' id='word_1_123' title='bbox 337 2001 508 2086; x_wconf 86' lang='grc' dir='ltr'><strong><em>Μονσείω.</em></strong></span> <span class='ocrx_word' id='word_1_124' title='bbox 552 1993 796 2083; x_wconf 76' lang='grc' dir='ltr'><strong><em>Ἐρατοσθένης</em></strong></span> <span class='ocrx_word' id='word_1_125' title='bbox 820 1997 860 2062; x_wconf 92' lang='grc' dir='ltr'><strong><em>δέ</em></strong></span> <span class='ocrx_word' id='word_1_126' title='bbox 881 2014 986 2080; x_wconf 91' lang='grc' dir='ltr'><strong><em>φησιν</em></strong></span> <span class='ocrx_word' id='word_1_127' title='bbox 1010 1998 1047 2063; x_wconf 86' lang='grc' dir='ltr'><strong><em>ἐν</em></strong></span> <span class='ocrx_word' id='word_1_128' title='bbox 1065 1993 1213 2088; x_wconf 87' lang='grc' dir='ltr'><strong><em>Ἡσιόδω</em></strong></span> 
     </span>
     <span class='ocr_line' id='line_1_17' title="bbox 142 2099 1212 2192; baseline -0.003 -21"><span class='ocrx_word' id='word_1_129' title='bbox 142 2109 312 2190; x_wconf 85' lang='grc' dir='ltr'><strong><em>Κτίμευον</em></strong></span> <span class='ocrx_word' id='word_1_130' title='bbox 335 2102 391 2169; x_wconf 80' lang='grc' dir='ltr'><strong><em>καὶ</em></strong></span> <span class='ocrx_word' id='word_1_131' title='bbox 406 2100 570 2188; x_wconf 79' lang='grc' dir='ltr'><strong><em>’Ἀντιφον</em></strong></span> <span class='ocrx_word' id='word_1_132' title='bbox 589 2099 669 2179; x_wconf 83' lang='grc' dir='ltr'><strong><em>τοὺς</em></strong></span> <span class='ocrx_word' id='word_1_133' title='bbox 682 2099 895 2189; x_wconf 83' lang='grc' dir='ltr'><strong><em>Γανύκτορος</em></strong></span> <span class='ocrx_word' id='word_1_134' title='bbox 918 2102 971 2168; x_wconf 79' lang='grc' dir='ltr'><strong><em>έπδ</em></strong></span> <span class='ocrx_word' id='word_1_135' title='bbox 993 2105 1034 2190; x_wconf 89' lang='grc' dir='ltr'><strong><em>τῆ</em></strong></span> <span class='ocrx_word' id='word_1_136' title='bbox 1056 2125 1212 2192; x_wconf 91' lang='grc' dir='ltr'><strong><em>προειρη-</em></strong></span> 
     </span>
     <span class='ocr_line' id='line_1_18' title="bbox 142 2206 1215 2299; baseline -0.002 -21"><span class='ocrx_word' id='word_1_137' title='bbox 142 2212 226 2298; x_wconf 90' lang='grc' dir='ltr'><strong><em>μένη</em></strong></span> <span class='ocrx_word' id='word_1_138' title='bbox 250 2214 340 2299; x_wconf 84' lang='grc' dir='ltr'><strong><em>αίτίμ</em></strong></span> <span class='ocrx_word' id='word_1_139' title='bbox 362 2206 572 2288; x_wconf 75' lang='grc' dir='ltr'><strong><em>ἀνελθόντας</em></strong></span> <span class='ocrx_word' id='word_1_140' title='bbox 595 2211 849 2294; x_wconf 84' lang='grc' dir='ltr'><strong><em>σφαγιασθῆυαι</em></strong></span> <span class='ocrx_word' id='word_1_141' title='bbox 876 2217 972 2287; x_wconf 80' lang='grc' dir='ltr'><strong><em>θεοῖς</em></strong></span> <span class='ocrx_word' id='word_1_142' title='bbox 998 2222 1068 2288; x_wconf 88' lang='grc' dir='ltr'><strong><em>τοῖς</em></strong></span> <span class='ocrx_word' id='word_1_143' title='bbox 1092 2212 1215 2290; x_wconf 79' lang='grc' dir='ltr'><strong><em>ξενίοις</em></strong></span> 
     </span>
     <span class='ocr_line' id='line_1_19' title="bbox 138 2311 1212 2404; baseline -0.003 -19"><span class='ocrx_word' id='word_1_144' title='bbox 138 2313 207 2385; x_wconf 81' lang='grc' dir='ltr'><strong><em>ὑπὸ</em></strong></span> <span class='ocrx_word' id='word_1_145' title='bbox 241 2313 456 2404; x_wconf 84' lang='grc' dir='ltr'><strong><em>Εὐρυκλέους</em></strong></span> <span class='ocrx_word' id='word_1_146' title='bbox 487 2317 548 2381; x_wconf 81' lang='grc' dir='ltr'><strong><em>τοῦ</em></strong></span> <span class='ocrx_word' id='word_1_147' title='bbox 580 2311 736 2400; x_wconf 88' lang='grc' dir='ltr'><strong><em>μάυτεως.</em></strong></span> <span class='ocrx_word' id='word_1_148' title='bbox 781 2311 843 2399; x_wconf 88' lang='grc' dir='ltr'><strong><em>τήν</em></strong></span> <span class='ocrx_word' id='word_1_149' title='bbox 876 2315 990 2400; x_wconf 87' lang='grc' dir='ltr'><strong><em>μέντοι</em></strong></span> <span class='ocrx_word' id='word_1_150' title='bbox 1026 2316 1212 2403; x_wconf 84' lang='grc' dir='ltr'><strong><em>παρθένον,</em></strong></span> 
     </span>
     <span class='ocr_line' id='line_1_20' title="bbox 141 2415 1214 2509; baseline -0.004 -17"><span class='ocrx_word' id='word_1_151' title='bbox 141 2421 204 2509; x_wconf 82' lang='grc' dir='ltr'><strong><em>τὴν</em></strong></span> <span class='ocrx_word' id='word_1_152' title='bbox 228 2417 379 2508; x_wconf 85' lang='grc' dir='ltr'><strong><em>ἀδελφήν</em></strong></span> <span class='ocrx_word' id='word_1_153' title='bbox 401 2423 469 2488; x_wconf 75' lang='grc' dir='ltr'><strong><em>τῶν</em></strong></span> <span class='ocrx_word' id='word_1_154' title='bbox 492 2420 762 2507; x_wconf 85' lang='grc' dir='ltr'><strong><em>προειρημένων,</em></strong></span> <span class='ocrx_word' id='word_1_155' title='bbox 786 2415 866 2503; x_wconf 82' lang='grc' dir='ltr'><strong><em>μετὰ</em></strong></span> <span class='ocrx_word' id='word_1_156' title='bbox 889 2417 951 2505; x_wconf 86' lang='grc' dir='ltr'><strong><em>τήν</em></strong></span> <span class='ocrx_word' id='word_1_157' title='bbox 975 2419 1113 2506; x_wconf 81' lang='grc' dir='ltr'><strong><em>φθορὰν</em></strong></span> <span class='ocrx_word' id='word_1_158' title='bbox 1138 2423 1214 2489; x_wconf 81' lang='grc' dir='ltr'><strong><em>ἑαυ-</em></strong></span> 
     </span>
    </p>

    <p class='ocr_par' dir='ltr' id='par_1_4' title="bbox 90 2520 1216 3042">
     <span class='ocr_line' id='line_1_21' title="bbox 90 2520 1214 2617; baseline -0.003 -20"><span class='ocrx_word' id='word_1_159' title='bbox 90 2549 124 2600; x_wconf 78' lang='lat'><strong><em>20</em></strong></span> <span class='ocrx_word' id='word_1_160' title='bbox 142 2527 204 2616; x_wconf 87' lang='grc' dir='ltr'><strong><em>τήν</em></strong></span> <span class='ocrx_word' id='word_1_161' title='bbox 228 2527 438 2617; x_wconf 33' lang='grc' dir='ltr'><strong><em>ἀναρτῆσαι,</em></strong></span> <span class='ocrx_word' id='word_1_162' title='bbox 454 2529 632 2612; x_wconf 87' lang='grc' dir='ltr'><strong><em>φθαρῆναι</em></strong></span> <span class='ocrx_word' id='word_1_163' title='bbox 662 2521 692 2590; x_wconf 90' lang='grc' dir='ltr'><strong><em>δ’</em></strong></span> <span class='ocrx_word' id='word_1_164' title='bbox 719 2520 784 2591; x_wconf 84' lang='grc' dir='ltr'><strong><em>ὑπό</em></strong></span> <span class='ocrx_word' id='word_1_165' title='bbox 808 2548 901 2602; x_wconf 89' lang='grc' dir='ltr'><strong><em>τινος</em></strong></span> <span class='ocrx_word' id='word_1_166' title='bbox 924 2525 1037 2609; x_wconf 83' lang='grc' dir='ltr'><strong><em>ξένου,</em></strong></span> <span class='ocrx_word' id='word_1_167' title='bbox 1061 2524 1214 2594; x_wconf 90' lang='grc' dir='ltr'><strong><em>συνόδου</em></strong></span> 
     </span>
     <span class='ocr_line' id='line_1_22' title="bbox 142 2627 1212 2721; baseline -0.004 -17"><span class='ocrx_word' id='word_1_168' title='bbox 142 2640 204 2704; x_wconf 82' lang='grc' dir='ltr'><strong><em>τοῦ</em></strong></span> <span class='ocrx_word' id='word_1_169' title='bbox 227 2632 405 2717; x_wconf 80' lang='grc' dir='ltr'><strong><em>Ἡσιόδου,</em></strong></span> <span class='ocrx_word' id='word_1_170' title='bbox 434 2629 639 2718; x_wconf 77' lang='grc' dir='ltr'><strong><em>Δημόδους</em></strong></span> <span class='ocrx_word' id='word_1_171' title='bbox 654 2628 774 2716; x_wconf 82' lang='grc' dir='ltr'><strong><em>ὄνομα·</em></strong></span> <span class='ocrx_word' id='word_1_172' title='bbox 803 2627 844 2697; x_wconf 85' lang='grc' dir='ltr'><strong><em>όν</em></strong></span> <span class='ocrx_word' id='word_1_173' title='bbox 871 2630 926 2698; x_wconf 84' lang='grc' dir='ltr'><strong><em>καὶ</em></strong></span> <span class='ocrx_word' id='word_1_174' title='bbox 954 2629 1058 2699; x_wconf 81' lang='grc' dir='ltr'><strong><em>αὐτὸν</em></strong></span> <span class='ocrx_word' id='word_1_175' title='bbox 1081 2630 1212 2721; x_wconf 86' lang='grc' dir='ltr'><strong><em>ἀναιρε-</em></strong></span> 
     </span>
     <span class='ocr_line' id='line_1_23' title="bbox 142 2734 1213 2828; baseline -0.005 -18"><span class='ocrx_word' id='word_1_176' title='bbox 142 2747 248 2828; x_wconf 89' lang='grc' dir='ltr'><strong><em>θῆναι</em></strong></span> <span class='ocrx_word' id='word_1_177' title='bbox 276 2737 343 2809; x_wconf 81' lang='grc' dir='ltr'><strong><em>ὑπὸ</em></strong></span> <span class='ocrx_word' id='word_1_178' title='bbox 370 2743 439 2808; x_wconf 79' lang='grc' dir='ltr'><strong><em>τόν</em></strong></span> <span class='ocrx_word' id='word_1_179' title='bbox 468 2735 580 2805; x_wconf 78' lang='grc' dir='ltr'><strong><em>αὐτῶν</em></strong></span> <span class='ocrx_word' id='word_1_180' title='bbox 613 2756 727 2823; x_wconf 91' lang='grc' dir='ltr'><strong><em>φησιν.</em></strong></span> <span class='ocrx_word' id='word_1_181' title='bbox 772 2734 914 2824; x_wconf 81' lang='grc' dir='ltr'><strong><em>ὕστερον</em></strong></span> <span class='ocrx_word' id='word_1_182' title='bbox 943 2735 976 2804; x_wconf 86' lang='grc' dir='ltr'><strong><em>δ’</em></strong></span> <span class='ocrx_word' id='word_1_183' title='bbox 1008 2734 1213 2826; x_wconf 89' lang='grc' dir='ltr'><strong><em>Ὀρχομένιοι</em></strong></span> 
     </span>
     <span class='ocr_line' id='line_1_24' title="bbox 143 2839 1216 2935; baseline -0.006 -18"><span class='ocrx_word' id='word_1_184' title='bbox 143 2847 226 2918; x_wconf 86' lang='grc' dir='ltr'><strong><em>κατδι</em></strong></span> <span class='ocrx_word' id='word_1_185' title='bbox 249 2843 400 2935; x_wconf 89' lang='grc' dir='ltr'><strong><em>χρησμὸν</em></strong></span> <span class='ocrx_word' id='word_1_186' title='bbox 423 2845 677 2932; x_wconf 80' lang='grc' dir='ltr'><strong><em>μετενέγκαντες</em></strong></span> <span class='ocrx_word' id='word_1_187' title='bbox 699 2839 804 2910; x_wconf 84' lang='grc' dir='ltr'><strong><em>αὐτὸν</em></strong></span> <span class='ocrx_word' id='word_1_188' title='bbox 826 2840 903 2931; x_wconf 84' lang='grc' dir='ltr'><strong><em>παρ’</em></strong></span> <span class='ocrx_word' id='word_1_189' title='bbox 929 2839 1044 2925; x_wconf 83' lang='grc' dir='ltr'><strong><em>αὑτοῖς</em></strong></span> <span class='ocrx_word' id='word_1_190' title='bbox 1068 2850 1216 2931; x_wconf 74' lang='grc' dir='ltr'><strong><em>ἔθαψαν,</em></strong></span> 
     </span>
     <span class='ocr_line' id='line_1_25' title="bbox 142 2948 691 3042; baseline -0.015 -18"><span class='ocrx_word' id='word_1_191' title='bbox 142 2956 198 3025; x_wconf 80' lang='grc' dir='ltr'><strong><em>καὶ</em></strong></span> <span class='ocrx_word' id='word_1_192' title='bbox 222 2956 415 3042; x_wconf 80' lang='grc' dir='ltr'><strong><em>ἐπέγραψαν</em></strong></span> <span class='ocrx_word' id='word_1_193' title='bbox 438 2951 490 3019; x_wconf 80' lang='grc' dir='ltr'><strong><em>ἐπὶ</em></strong></span> <span class='ocrx_word' id='word_1_194' title='bbox 513 2953 559 3041; x_wconf 77' lang='grc' dir='ltr'><strong><em>τῷ</em></strong></span> <span class='ocrx_word' id='word_1_195' title='bbox 583 2948 691 3039; x_wconf 88' lang='grc' dir='ltr'><strong><em>τάφφ·</em></strong></span> 
     </span>
    </p>
   </div>
   <div class='ocr_carea' id='block_1_3' title="bbox 90 3069 1048 3268">
    <p class='ocr_par' dir='ltr' id='par_1_5' title="bbox 90 3069 1048 3268">
     <span class='ocr_line' id='line_1_26' title="bbox 90 3069 1048 3168; baseline -0.007 -20"><span class='ocrx_word' id='word_1_196' title='bbox 90 3101 124 3150; x_wconf 79' lang='lat'><strong><em>25</em></strong></span> <span class='ocrx_word' id='word_1_197' title='bbox 177 3077 304 3168; x_wconf 77' lang='grc' dir='ltr'><strong><em>Ἀσκρη</em></strong></span> <span class='ocrx_word' id='word_1_198' title='bbox 328 3075 390 3165; x_wconf 75' lang='grc' dir='ltr'><strong><em>μὲν</em></strong></span> <span class='ocrx_word' id='word_1_199' title='bbox 413 3074 529 3163; x_wconf 80' lang='grc' dir='ltr'><strong><em>πατρίς</em></strong></span> <span class='ocrx_word' id='word_1_200' title='bbox 551 3071 747 3159; x_wconf 75' lang='grc' dir='ltr'><strong><em>πολυλήϊος·</em></strong></span> <span class='ocrx_word' id='word_1_201' title='bbox 771 3069 855 3140; x_wconf 88' lang='grc' dir='ltr'><strong><em>ἀλλά</em></strong></span> <span class='ocrx_word' id='word_1_202' title='bbox 878 3073 1048 3154; x_wconf 88' lang='grc' dir='ltr'><strong><em>θανόντος</em></strong></span> 
     </span>
     <span class='ocr_line' id='line_1_27' title="bbox 234 3183 939 3268; baseline -0.009 -14"><span class='ocrx_word' id='word_1_203' title='bbox 234 3184 331 3254; x_wconf 87' lang='grc' dir='ltr'><strong><em>ὀστέα</em></strong></span> <span class='ocrx_word' id='word_1_204' title='bbox 353 3184 550 3268; x_wconf 83' lang='grc' dir='ltr'><strong><em>πληξίππων</em></strong></span> <span class='ocrx_word' id='word_1_205' title='bbox 572 3185 614 3266; x_wconf 92' lang='grc' dir='ltr'><strong><em>γῆ</em></strong></span> <span class='ocrx_word' id='word_1_206' title='bbox 640 3183 787 3247; x_wconf 78' lang='grc' dir='ltr'><strong><em>Μινυῶν</em></strong></span> <span class='ocrx_word' id='word_1_207' title='bbox 810 3183 939 3266; x_wconf 80' lang='grc' dir='ltr'><strong><em>κατέχει</em></strong></span> 
     </span>
    </p>
   </div>
   <div class='ocr_carea' id='block_1_4' title="bbox 109 3339 1214 3695">
    <p class='ocr_par' dir='ltr' id='par_1_6' title="bbox 109 3339 1214 3695">
     <span class='ocr_line' id='line_1_28' title="bbox 109 3339 793 3412; baseline -0.015 -8"><span class='ocrx_word' id='word_1_208' title='bbox 109 3399 112 3405; x_wconf 87' lang='grc'><strong><em>.</em></strong></span> <span class='ocrx_word' id='word_1_209' title='bbox 214 3346 248 3401; x_wconf 86' lang='lat' dir='ltr'><strong><em>V.</em></strong></span> <span class='ocrx_word' id='word_1_210' title='bbox 267 3352 292 3401; x_wconf 80' lang='lat'><strong><em>2.</em></strong></span> <span class='ocrx_word' id='word_1_211' title='bbox 329 3339 420 3406; x_wconf 78' lang='grc' dir='ltr'><strong><em>ἅπας</em></strong></span> <span class='ocrx_word' id='word_1_212' title='bbox 438 3343 515 3412; x_wconf 80' lang='lat' dir='ltr'>apud</span> <span class='ocrx_word' id='word_1_213' title='bbox 534 3341 660 3395; x_wconf 79' lang='lat' dir='ltr'>Goettl.</span> <span class='ocrx_word' id='word_1_214' title='bbox 681 3339 793 3395; x_wconf 82' lang='lat' dir='ltr'>excidit.</span> 
     </span>
     <span class='ocr_line' id='line_1_29' title="bbox 215 3410 1213 3483; baseline -0.006 -9"><span class='ocrx_word' id='word_1_215' title='bbox 215 3421 249 3475; x_wconf 82' lang='lat' dir='ltr'><strong><em>V.</em></strong></span> <span class='ocrx_word' id='word_1_216' title='bbox 264 3423 289 3470; x_wconf 82' lang='lat'><strong><em>4.</em></strong></span> <span class='ocrx_word' id='word_1_217' title='bbox 323 3412 563 3482; x_wconf 84' lang='grc' dir='ltr'><strong><em>Οίνεωνεῖσιν]</em></strong></span> <span class='ocrx_word' id='word_1_218' title='bbox 583 3412 605 3466; x_wconf 84' lang='lat' dir='ltr'><strong>F</strong></span> <span class='ocrx_word' id='word_1_219' title='bbox 626 3410 757 3480; x_wconf 84' lang='grc' dir='ltr'><strong><em>Οίνῶσιν,</em></strong></span> <span class='ocrx_word' id='word_1_220' title='bbox 777 3411 853 3480; x_wconf 88' lang='lat' dir='ltr'>quod</span> <span class='ocrx_word' id='word_1_221' title='bbox 871 3427 961 3483; x_wconf 81' lang='lat' dir='ltr'>recep.</span> <span class='ocrx_word' id='word_1_222' title='bbox 981 3411 1108 3467; x_wconf 82' lang='lat' dir='ltr'>Goettl.</span> <span class='ocrx_word' id='word_1_223' title='bbox 1136 3412 1213 3469; x_wconf 82' lang='lat' dir='ltr'>Oorr.</span> 
     </span>
     <span class='ocr_line' id='line_1_30' title="bbox 146 3483 677 3569; baseline -0.028 -19"><span class='ocrx_word' id='word_1_224' title='bbox 146 3488 320 3562; x_wconf 77' lang='lat' dir='ltr'><strong>Sauppius</strong></span> <span class='ocrx_word' id='word_1_225' title='bbox 340 3485 416 3541; x_wconf 79' lang='lat' dir='ltr'>Orat.</span> <span class='ocrx_word' id='word_1_226' title='bbox 435 3486 495 3539; x_wconf 84' lang='lat' dir='ltr'>Att.</span> <span class='ocrx_word' id='word_1_227' title='bbox 515 3483 550 3538; x_wconf 95' lang='grc' dir='ltr'><strong><em>Π.</em></strong></span> <span class='ocrx_word' id='word_1_228' title='bbox 568 3500 596 3569; x_wconf 74' lang='grc' dir='ltr'><strong><em>ρ.</em></strong></span> <span class='ocrx_word' id='word_1_229' title='bbox 617 3487 677 3536; x_wconf 81' lang='lat'>155.</span> 
     </span>
     <span class='ocr_line' id='line_1_31' title="bbox 216 3550 1214 3627; baseline -0.003 -16"><span class='ocrx_word' id='word_1_230' title='bbox 216 3563 249 3617; x_wconf 80' lang='lat' dir='ltr'><strong><em>V,</em></strong></span> <span class='ocrx_word' id='word_1_231' title='bbox 265 3569 290 3617; x_wconf 82' lang='grc'><strong><em>6,</em></strong></span> <span class='ocrx_word' id='word_1_232' title='bbox 318 3551 446 3627; x_wconf 79' lang='grc' dir='ltr'><strong><em>μεταξδ</em></strong></span> <span class='ocrx_word' id='word_1_233' title='bbox 467 3554 521 3622; x_wconf 90' lang='grc' dir='ltr'><strong><em>τῆς</em></strong></span> <span class='ocrx_word' id='word_1_234' title='bbox 539 3552 702 3623; x_wconf 77' lang='grc' dir='ltr'><strong><em>Ευβοίας]</em></strong></span> <span class='ocrx_word' id='word_1_235' title='bbox 719 3551 765 3606; x_wconf 82' lang='lat' dir='ltr'><strong><em>Sic</em></strong></span> <span class='ocrx_word' id='word_1_236' title='bbox 778 3552 808 3607; x_wconf 74' lang='lat' dir='ltr'><strong><em>F.</em></strong></span> <span class='ocrx_word' id='word_1_237' title='bbox 838 3552 947 3608; x_wconf 82' lang='lat' dir='ltr'>Nietz.</span> <span class='ocrx_word' id='word_1_238' title='bbox 968 3553 1088 3608; x_wconf 80' lang='lat' dir='ltr'>coniecit</span> <span class='ocrx_word' id='word_1_239' title='bbox 1106 3550 1214 3623; x_wconf 72' lang='grc' dir='ltr'><strong><em>μεταξὺ</em></strong></span> 
     </span>
     <span class='ocr_line' id='line_1_32' title="bbox 145 3623 1212 3695; baseline -0.01 -4"><span class='ocrx_word' id='word_1_240' title='bbox 145 3636 289 3695; x_wconf 82' lang='grc' dir='ltr'><strong><em>Βοιωτίας.</em></strong></span> <span class='ocrx_word' id='word_1_241' title='bbox 335 3626 462 3682; x_wconf 83' lang='lat' dir='ltr'>Goettl.</span> <span class='ocrx_word' id='word_1_242' title='bbox 500 3625 647 3694; x_wconf 74' lang='lat' dir='ltr'><strong>proposuit</strong></span> <span class='ocrx_word' id='word_1_243' title='bbox 683 3624 855 3693; x_wconf 88' lang='grc' dir='ltr'><strong><em>Μολυκρίας.</em></strong></span> <span class='ocrx_word' id='word_1_244' title='bbox 902 3623 943 3678; x_wconf 87' lang='lat' dir='ltr'><strong><em>cf.</em></strong></span> <span class='ocrx_word' id='word_1_245' title='bbox 979 3624 1105 3679; x_wconf 73' lang='lat' dir='ltr'>Herma</span> <span class='ocrx_word' id='word_1_246' title='bbox 1137 3624 1212 3680; x_wconf 90' lang='lat' dir='ltr'><strong>VIII.</strong></span> 
     </span>
    </p>
   </div>
   <div class='ocr_carea' id='block_1_5' title="bbox 144 3711 1214 3837">
    <p class='ocr_par' dir='ltr' id='par_1_7' title="bbox 144 3711 1214 3837">
     <span class='ocr_line' id='line_1_33' title="bbox 144 3711 1214 3837; baseline -0.007 -10"><span class='ocrx_word' id='word_1_247' title='bbox 144 3725 172 3777; x_wconf 43' lang='lat' dir='ltr'><strong><em>p·</em></strong></span> <span class='ocrx_word' id='word_1_248' title='bbox 195 3711 257 3830; x_wconf 40' lang='grc' dir='ltr'><strong><em>Ὗ..</em></strong></span> <span class='ocrx_word' id='word_1_249' title='bbox 269 3780 294 3828; x_wconf 82' lang='grc'><strong><em>9.</em></strong></span> <span class='ocrx_word' id='word_1_250' title='bbox 327 3766 416 3825; x_wconf 87' lang='grc' dir='ltr'><strong><em>Ῥίου</em></strong></span> <span class='ocrx_word' id='word_1_251' title='bbox 440 3762 597 3837; x_wconf 80' lang='grc' dir='ltr'><strong><em>ἁγνείας]</em></strong></span> <span class='ocrx_word' id='word_1_252' title='bbox 626 3759 792 3833; x_wconf 84' lang='grc' dir='ltr'><strong><em>ἀριαδνείας</em></strong></span> <span class='ocrx_word' id='word_1_253' title='bbox 815 3764 850 3833; x_wconf 78' lang='lat' dir='ltr'><strong><em>F,</em></strong></span> <span class='ocrx_word' id='word_1_254' title='bbox 869 3765 945 3834; x_wconf 86' lang='lat' dir='ltr'><strong>quod</strong></span> <span class='ocrx_word' id='word_1_255' title='bbox 969 3781 1059 3835; x_wconf 80' lang='lat' dir='ltr'>recep.</span> <span class='ocrx_word' id='word_1_256' title='bbox 1085 3764 1214 3821; x_wconf 83' lang='lat' dir='ltr'>Goettl.</span> 
     </span>
    </p>
   </div>
   <div class='ocr_carea' id='block_1_6' title="bbox 146 3845 1215 3984">
    <p class='ocr_par' dir='ltr' id='par_1_8' title="bbox 146 3845 1215 3984">
     <span class='ocr_line' id='line_1_34' title="bbox 146 3845 350 3904; baseline -0.044 1"><span class='ocrx_word' id='word_1_257' title='bbox 146 3845 350 3904; x_wconf 78' lang='lat' dir='ltr'>Corr.Nietz.</span> 
     </span>
     <span class='ocr_line' id='line_1_35' title="bbox 215 3901 1215 3984; baseline -0.008 -13"><span class='ocrx_word' id='word_1_258' title='bbox 215 3917 251 3971; x_wconf 89' lang='lat' dir='ltr'><strong><em>V.</em></strong></span> <span class='ocrx_word' id='word_1_259' title='bbox 271 3920 312 3969; x_wconf 75' lang='lat'><strong><em>16.</em></strong></span> <span class='ocrx_word' id='word_1_260' title='bbox 346 3904 553 3984; x_wconf 66' lang='grc' dir='ltr'><strong><em>ἩσιόδωΠ</em></strong></span> <span class='ocrx_word' id='word_1_261' title='bbox 581 3901 719 3976; x_wconf 77' lang='grc' dir='ltr'><strong><em>ένηπόδοι.</em></strong></span> <span class='ocrx_word' id='word_1_262' title='bbox 754 3906 830 3962; x_wconf 83' lang='lat' dir='ltr'>Corr.</span> <span class='ocrx_word' id='word_1_263' title='bbox 850 3907 975 3963; x_wconf 81' lang='lat' dir='ltr'>Goettl.</span> <span class='ocrx_word' id='word_1_264' title='bbox 996 3907 1215 3977; x_wconf 73' lang='lat' dir='ltr'>etBergkiue</span> 
     </span>
    </p>
   </div>
   <div class='ocr_carea' id='block_1_7' title="bbox 144 3988 1319 4399">
    <p class='ocr_par' dir='ltr' id='par_1_9' title="bbox 144 3988 1212 4130">
     <span class='ocr_line' id='line_1_36' title="bbox 144 3988 1212 4130; baseline -0.012 -16"><span class='ocrx_word' id='word_1_265' title='bbox 144 3992 197 4045; x_wconf 39' lang='lat' dir='ltr'><strong><em>An*</em></strong></span> <span class='ocrx_word' id='word_1_266' title='bbox 215 3988 259 4113; x_wconf 55' lang='grc' dir='ltr'><strong><em>δέ</em></strong></span> <span class='ocrx_word' id='word_1_267' title='bbox 270 4004 336 4113; x_wconf 76' lang='lat' dir='ltr'>1&#39;1.p</span> <span class='ocrx_word' id='word_1_268' title='bbox 349 4046 584 4120; x_wconf 84' lang='grc' dir='ltr'><strong><em>ἀνελθόντας]</em></strong></span> <span class='ocrx_word' id='word_1_269' title='bbox 618 4048 665 4103; x_wconf 82' lang='lat' dir='ltr'><strong><em>Sic</em></strong></span> <span class='ocrx_word' id='word_1_270' title='bbox 683 4065 753 4103; x_wconf 89' lang='lat' dir='ltr'>eorr.</span> <span class='ocrx_word' id='word_1_271' title='bbox 774 4048 978 4130; x_wconf 78' lang='lat' dir='ltr'>Stephanus.</span> <span class='ocrx_word' id='word_1_272' title='bbox 1015 4049 1037 4102; x_wconf 82' lang='lat' dir='ltr'><strong>F</strong></span> <span class='ocrx_word' id='word_1_273' title='bbox 1056 4050 1086 4103; x_wconf 85' lang='lat' dir='ltr'><strong><em>et</em></strong></span> <span class='ocrx_word' id='word_1_274' title='bbox 1103 4048 1212 4103; x_wconf 81' lang='lat' dir='ltr'>Nietz.</span> 
     </span>
    </p>

    <p class='ocr_par' dir='ltr' id='par_1_10' title="bbox 146 4119 1213 4192">
     <span class='ocr_line' id='line_1_37' title="bbox 146 4119 1213 4192; baseline -0.013 -5"><span class='ocrx_word' id='word_1_275' title='bbox 146 4125 307 4190; x_wconf 84' lang='grc' dir='ltr'><strong><em>ἀνελόντας.</em></strong></span> <span class='ocrx_word' id='word_1_276' title='bbox 327 4158 361 4166; x_wconf 86' lang='lat'><strong><em>-</em></strong></span> <span class='ocrx_word' id='word_1_277' title='bbox 392 4121 508 4192; x_wconf 87' lang='grc' dir='ltr'><strong><em>θεοῖς]</em></strong></span> <span class='ocrx_word' id='word_1_278' title='bbox 533 4120 579 4174; x_wconf 80' lang='lat' dir='ltr'><strong><em>Sic</em></strong></span> <span class='ocrx_word' id='word_1_279' title='bbox 597 4120 633 4186; x_wconf 60' lang='lat'><strong><em>1⁴²,</em></strong></span> <span class='ocrx_word' id='word_1_280' title='bbox 658 4119 784 4174; x_wconf 75' lang='lat' dir='ltr'>restituit</span> <span class='ocrx_word' id='word_1_281' title='bbox 802 4119 910 4174; x_wconf 77' lang='lat' dir='ltr'>Ntetz.</span> <span class='ocrx_word' id='word_1_282' title='bbox 944 4119 962 4172; x_wconf 83' lang='lat' dir='ltr'>S</span> <span class='ocrx_word' id='word_1_283' title='bbox 985 4122 1118 4189; x_wconf 85' lang='grc' dir='ltr'><strong><em>θεσμοῖς,</em></strong></span> <span class='ocrx_word' id='word_1_284' title='bbox 1138 4120 1213 4188; x_wconf 89' lang='lat' dir='ltr'>quod</span> 
     </span>
    </p>

    <p class='ocr_par' dir='ltr' id='par_1_11' title="bbox 146 4189 1319 4399">
     <span class='ocr_line' id='line_1_38' title="bbox 146 4189 1319 4272; baseline -0.016 -16"><span class='ocrx_word' id='word_1_285' title='bbox 146 4219 235 4272; x_wconf 76' lang='lat' dir='ltr'>recep.</span> <span class='ocrx_word' id='word_1_286' title='bbox 256 4196 382 4254; x_wconf 81' lang='lat' dir='ltr'>Goettl.</span> <span class='ocrx_word' id='word_1_287' title='bbox 419 4189 873 4258; x_wconf 69' lang='lat' dir='ltr'>voteaddiditBernhardyus.</span> <span class='ocrx_word' id='word_1_288' title='bbox 1315 4205 1319 4214; x_wconf 93' lang='lat'>·</span> 
     </span>
     <span class='ocr_line' id='line_1_39' title="bbox 216 4255 1157 4334; baseline -0.01 -10"><span class='ocrx_word' id='word_1_289' title='bbox 216 4271 250 4324; x_wconf 87' lang='lat' dir='ltr'><strong><em>V.</em></strong></span> <span class='ocrx_word' id='word_1_290' title='bbox 271 4275 313 4324; x_wconf 82' lang='lat'><strong><em>19.</em></strong></span> <span class='ocrx_word' id='word_1_291' title='bbox 351 4259 490 4334; x_wconf 79' lang='grc' dir='ltr'><strong><em>φθορὰν</em></strong></span> <span class='ocrx_word' id='word_1_292' title='bbox 523 4260 617 4318; x_wconf 66' lang='lat' dir='ltr'>sice.</span> <span class='ocrx_word' id='word_1_293' title='bbox 650 4260 739 4316; x_wconf 80' lang='lat' dir='ltr'>restit.</span> <span class='ocrx_word' id='word_1_294' title='bbox 758 4260 868 4315; x_wconf 79' lang='lat' dir='ltr'>Nietz.</span> <span class='ocrx_word' id='word_1_295' title='bbox 900 4259 1027 4314; x_wconf 80' lang='lat' dir='ltr'>Goettl.</span> <span class='ocrx_word' id='word_1_296' title='bbox 1048 4255 1157 4326; x_wconf 78' lang='grc' dir='ltr'><strong><em>φορὰν.</em></strong></span> 
     </span>
     <span class='ocr_line' id='line_1_40' title="bbox 216 4329 1211 4399; baseline -0.009 -5"><span class='ocrx_word' id='word_1_297' title='bbox 216 4343 252 4397; x_wconf 90' lang='lat' dir='ltr'><strong><em>V.</em></strong></span> <span class='ocrx_word' id='word_1_298' title='bbox 271 4346 314 4396; x_wconf 78' lang='lat'><strong><em>26.</em></strong></span> <span class='ocrx_word' id='word_1_299' title='bbox 351 4332 491 4391; x_wconf 82' lang='grc' dir='ltr'><strong><em>Μινυῶν</em></strong></span> <span class='ocrx_word' id='word_1_300' title='bbox 523 4329 693 4395; x_wconf 68' lang='lat' dir='ltr'><strong><em>Fvacis:</em></strong></span> <span class='ocrx_word' id='word_1_301' title='bbox 712 4347 781 4387; x_wconf 79' lang='lat' dir='ltr'>corr.</span> <span class='ocrx_word' id='word_1_302' title='bbox 801 4331 946 4386; x_wconf 75' lang='lat' dir='ltr'>Ramex</span> <span class='ocrx_word' id='word_1_303' title='bbox 962 4329 1082 4386; x_wconf 77' lang='lat' dir='ltr'><strong>Pausan.</strong></span> <span class='ocrx_word' id='word_1_304' title='bbox 1102 4331 1149 4399; x_wconf 84' lang='lat' dir='ltr'><strong><em>IX,</em></strong></span> <span class='ocrx_word' id='word_1_305' title='bbox 1169 4335 1211 4385; x_wconf 80' lang='grc'><strong><em>38.</em></strong></span> 
     </span>
    </p>
   </div>
   <div class='ocr_carea' id='block_1_8' title="bbox 0 0 1456 4900">
    <p class='ocr_par' dir='ltr' id='par_1_12' title="bbox 0 0 1456 4900">
     <span class='ocr_line' id='line_1_41' title="bbox 0 0 1456 4900; baseline 0 0"><span class='ocrx_word' id='word_1_306' title='bbox 0 0 1456 4900; x_wconf 95' lang='lat' dir='ltr'><strong><em> </em></strong></span> 
     </span>
    </p>
   </div>
  </div>
 </body>
</html>
