<?xml version="1.0" encoding="UTF-8"?>
<!DOCTYPE html PUBLIC "-//W3C//DTD XHTML 1.0 Transitional//EN"
    "http://www.w3.org/TR/xhtml1/DTD/xhtml1-transitional.dtd">
<html xmlns="http://www.w3.org/1999/xhtml" xml:lang="en" lang="en">
 <head>
  <title>
</title>
<meta http-equiv="Content-Type" content="text/html;charset=utf-8" />
  <meta name='ocr-system' content='tesseract 3.04.00' />
  <meta name='ocr-capabilities' content='ocr_page ocr_carea ocr_par ocr_line ocrx_word'/>
</head>
<body>
  <div class='ocr_page' id='page_1' title='image "./hesiodicarmina02hesigoog_0195.png"; bbox 0 0 2958 4896; ppageno 0'>
   <div class='ocr_carea' id='block_1_1' title="bbox 232 277 852 344">
    <p class='ocr_par' dir='ltr' id='par_1_1' title="bbox 232 277 852 344">
     <span class='ocr_line' id='line_1_1' title="bbox 232 277 852 344; baseline -0.018 0"><span class='ocrx_word' id='word_1_1' title='bbox 232 277 275 344; x_wconf 81' lang='lat'>92</span> <span class='ocrx_word' id='word_1_2' title='bbox 684 280 852 334; x_wconf 80' lang='lat' dir='ltr'>nmouor</span> 
     </span>
    </p>
   </div>
   <div class='ocr_carea' id='block_1_2' title="bbox 232 431 1300 1270">
    <p class='ocr_par' dir='ltr' id='par_1_2' title="bbox 232 431 1203 524">
     <span class='ocr_line' id='line_1_2' title="bbox 232 431 1203 524; baseline 0.002 -22"><span class='ocrx_word' id='word_1_3' title='bbox 232 434 289 502; x_wconf 83' lang='grc' dir='ltr'><em>καὶ</em></span> <span class='ocrx_word' id='word_1_4' title='bbox 311 434 413 514; x_wconf 84' lang='grc' dir='ltr'><em>πόδες</em></span> <span class='ocrx_word' id='word_1_5' title='bbox 435 431 597 520; x_wconf 77' lang='grc' dir='ltr'><em>ἀκάματοι</em></span> <span class='ocrx_word' id='word_1_6' title='bbox 620 439 782 524; x_wconf 74' lang='grc' dir='ltr'><strong><em>κρατεροῦ</em></strong></span> <span class='ocrx_word' id='word_1_7' title='bbox 804 437 903 504; x_wconf 87' lang='grc' dir='ltr'><em>θεοῦ·</em></span> <span class='ocrx_word' id='word_1_8' title='bbox 926 438 962 504; x_wconf 87' lang='grc' dir='ltr'>έκ</span> <span class='ocrx_word' id='word_1_9' title='bbox 985 437 1024 504; x_wconf 87' lang='grc' dir='ltr'>δέ</span> <span class='ocrx_word' id='word_1_10' title='bbox 1046 439 1080 504; x_wconf 75' lang='lat' dir='ltr'>ol</span> <span class='ocrx_word' id='word_1_11' title='bbox 1102 434 1203 522; x_wconf 80' lang='grc' dir='ltr'><em>ὤμων</em></span> 
     </span>
    </p>

    <p class='ocr_par' dir='ltr' id='par_1_3' title="bbox 232 532 1297 1059">
     <span class='ocr_line' id='line_1_3' title="bbox 234 532 1297 631; baseline 0.002 -23"><span class='ocrx_word' id='word_1_12' title='bbox 234 532 278 627; x_wconf 86' lang='grc' dir='ltr'><em>ῇν</em></span> <span class='ocrx_word' id='word_1_13' title='bbox 301 538 420 608; x_wconf 84' lang='grc' dir='ltr'><em>ἑκατὸν</em></span> <span class='ocrx_word' id='word_1_14' title='bbox 442 541 585 626; x_wconf 81' lang='grc' dir='ltr'><em>κεφαλαὶ</em></span> <span class='ocrx_word' id='word_1_15' title='bbox 609 538 719 628; x_wconf 76' lang='grc' dir='ltr'><em>ὄφιος,</em></span> <span class='ocrx_word' id='word_1_16' title='bbox 744 545 870 610; x_wconf 76' lang='grc' dir='ltr'><em>δεινοῖο</em></span> <span class='ocrx_word' id='word_1_17' title='bbox 895 541 1087 631; x_wconf 76' lang='grc' dir='ltr'><em>δράκοντος,</em></span> <span class='ocrx_word' id='word_1_18' title='bbox 1243 559 1297 610; x_wconf 77' lang='lat'>825</span> 
     </span>
     <span class='ocr_line' id='line_1_4' title="bbox 233 645 1164 736; baseline 0.003 -21"><span class='ocrx_word' id='word_1_19' title='bbox 233 645 403 734; x_wconf 77' lang='grc' dir='ltr'>γλώσσῃσι</span> <span class='ocrx_word' id='word_1_20' title='bbox 426 649 612 735; x_wconf 77' lang='grc' dir='ltr'><em>δνοφερῇσι</em></span> <span class='ocrx_word' id='word_1_21' title='bbox 635 648 852 736; x_wconf 83' lang='grc' dir='ltr'><em>λελειχμότες,</em></span> <span class='ocrx_word' id='word_1_22' title='bbox 875 651 911 718; x_wconf 80' lang='grc' dir='ltr'>ἐκ</span> <span class='ocrx_word' id='word_1_23' title='bbox 934 651 974 717; x_wconf 90' lang='grc' dir='ltr'>δέ</span> <span class='ocrx_word' id='word_1_24' title='bbox 995 653 1030 717; x_wconf 79' lang='lat' dir='ltr'>oi</span> <span class='ocrx_word' id='word_1_25' title='bbox 1051 647 1164 718; x_wconf 80' lang='grc' dir='ltr'><em>ὅσσων</em></span> 
     </span>
     <span class='ocr_line' id='line_1_5' title="bbox 232 752 1148 844; baseline -0.001 -21"><span class='ocrx_word' id='word_1_26' title='bbox 232 759 413 843; x_wconf 75' lang='grc' dir='ltr'><em>θεσπεσίῃς</em></span> <span class='ocrx_word' id='word_1_27' title='bbox 434 757 620 843; x_wconf 79' lang='grc' dir='ltr'><em>κεφαλῇσιν</em></span> <span class='ocrx_word' id='word_1_28' title='bbox 643 752 697 828; x_wconf 69' lang='grc' dir='ltr'>ὑπ’</span> <span class='ocrx_word' id='word_1_29' title='bbox 723 755 850 843; x_wconf 81' lang='grc' dir='ltr'><em>ὀφρύσι</em></span> <span class='ocrx_word' id='word_1_30' title='bbox 872 760 939 843; x_wconf 90' lang='grc' dir='ltr'>πῦρ</span> <span class='ocrx_word' id='word_1_31' title='bbox 963 753 1148 844; x_wconf 80' lang='grc' dir='ltr'><em>ἀμσίρνσσε·</em></span> 
     </span>
     <span class='ocr_line' id='line_1_6' title="bbox 235 858 1180 951; baseline 0.003 -23"><span class='ocrx_word' id='word_1_32' title='bbox 235 862 382 945; x_wconf 81' lang='grc' dir='ltr'><em>[πασέων</em></span> <span class='ocrx_word' id='word_1_33' title='bbox 406 858 433 928; x_wconf 86' lang='grc' dir='ltr'><em>δ</em></span> <span class='ocrx_word' id='word_1_34' title='bbox 459 862 495 928; x_wconf 83' lang='grc' dir='ltr'>ἐκ</span> <span class='ocrx_word' id='word_1_35' title='bbox 517 863 690 947; x_wconf 79' lang='grc' dir='ltr'><em>κεφαλέων</em></span> <span class='ocrx_word' id='word_1_36' title='bbox 714 867 782 950; x_wconf 91' lang='grc' dir='ltr'>πῦρ</span> <span class='ocrx_word' id='word_1_37' title='bbox 804 869 915 932; x_wconf 82' lang='grc' dir='ltr'><em>καίετο</em></span> <span class='ocrx_word' id='word_1_38' title='bbox 940 863 1180 951; x_wconf 85' lang='grc' dir='ltr'><em>δερκομένοιο,]</em></span> 
     </span>
     <span class='ocr_line' id='line_1_7' title="bbox 234 965 1063 1059; baseline 0.002 -23"><span class='ocrx_word' id='word_1_39' title='bbox 234 970 347 1056; x_wconf 81' lang='grc' dir='ltr'><em>φωναί</em></span> <span class='ocrx_word' id='word_1_40' title='bbox 370 965 402 1035; x_wconf 89' lang='grc' dir='ltr'>δ’</span> <span class='ocrx_word' id='word_1_41' title='bbox 428 968 465 1034; x_wconf 82' lang='grc' dir='ltr'><em>έν</em></span> <span class='ocrx_word' id='word_1_42' title='bbox 487 966 634 1056; x_wconf 77' lang='grc' dir='ltr'><em>πάσῃσιν</em></span> <span class='ocrx_word' id='word_1_43' title='bbox 659 971 739 1038; x_wconf 85' lang='grc' dir='ltr'><em>έσαν</em></span> <span class='ocrx_word' id='word_1_44' title='bbox 764 973 877 1059; x_wconf 80' lang='grc' dir='ltr'><em>δεινῇς</em></span> <span class='ocrx_word' id='word_1_45' title='bbox 898 973 1063 1059; x_wconf 76' lang='grc' dir='ltr'><em>κεφαλῇσι</em></span> 
     </span>
    </p>

    <p class='ocr_par' dir='ltr' id='par_1_4' title="bbox 233 1071 1300 1270">
     <span class='ocr_line' id='line_1_8' title="bbox 233 1071 1300 1166; baseline 0.003 -24"><span class='ocrx_word' id='word_1_46' title='bbox 233 1079 397 1159; x_wconf 80' lang='grc' dir='ltr'><em>παντοίην</em></span> <span class='ocrx_word' id='word_1_47' title='bbox 421 1071 471 1141; x_wconf 76' lang='grc' dir='ltr'>ὄπ’</span> <span class='ocrx_word' id='word_1_48' title='bbox 498 1077 607 1162; x_wconf 80' lang='grc' dir='ltr'><em>ίείσαι,</em></span> <span class='ocrx_word' id='word_1_49' title='bbox 630 1071 843 1163; x_wconf 80' lang='grc' dir='ltr'><em>ἀθέσφατον·</em></span> <span class='ocrx_word' id='word_1_50' title='bbox 866 1075 984 1145; x_wconf 79' lang='grc' dir='ltr'><em>ῦλλοτε</em></span> <span class='ocrx_word' id='word_1_51' title='bbox 1007 1074 1156 1166; x_wconf 74' lang='grc' dir='ltr'><em>μὲνγὰρ</em></span> <span class='ocrx_word' id='word_1_52' title='bbox 1247 1095 1300 1146; x_wconf 83' lang='grc'>830</span> 
     </span>
     <span class='ocr_line' id='line_1_9' title="bbox 235 1170 1160 1270; baseline 0.003 -22"><span class='ocrx_word' id='word_1_53' title='bbox 235 1176 422 1269; x_wconf 78' lang='grc' dir='ltr'><em>φθέγγονθ’</em></span> <span class='ocrx_word' id='word_1_54' title='bbox 449 1177 531 1259; x_wconf 81' lang='grc' dir='ltr'><em>ῦςτε</em></span> <span class='ocrx_word' id='word_1_55' title='bbox 554 1190 667 1248; x_wconf 79' lang='grc' dir='ltr'><em>θεοῖσι</em></span> <span class='ocrx_word' id='word_1_56' title='bbox 692 1170 861 1270; x_wconf 82' lang='grc' dir='ltr'><em>συνιέμεν,</em></span> <span class='ocrx_word' id='word_1_57' title='bbox 884 1181 1002 1252; x_wconf 81' lang='grc' dir='ltr'><em>ῦλλοτε</em></span> <span class='ocrx_word' id='word_1_58' title='bbox 1026 1181 1055 1250; x_wconf 85' lang='grc' dir='ltr'>δ’</span> <span class='ocrx_word' id='word_1_59' title='bbox 1081 1175 1160 1251; x_wconf 84' lang='grc' dir='ltr'><em>αῦτε</em></span> 
     </span>
    </p>
   </div>
   <div class='ocr_carea' id='block_1_3' title="bbox 233 1388 1303 3372">
    <p class='ocr_par' dir='ltr' id='par_1_5' title="bbox 233 1388 1300 1608">
     <span class='ocr_line' id='line_1_10' title="bbox 233 1388 1300 1521; baseline 0.003 -72"><span class='ocrx_word' id='word_1_60' title='bbox 233 1465 257 1521; x_wconf 50' lang='lat' dir='ltr'>f</span> <span class='ocrx_word' id='word_1_61' title='bbox 302 1393 343 1519; x_wconf 49' lang='lat' dir='ltr'>ld}</span> <span class='ocrx_word' id='word_1_62' title='bbox 364 1398 425 1449; x_wconf 80' lang='lat'><strong>824.</strong></span> <span class='ocrx_word' id='word_1_63' title='bbox 462 1388 623 1464; x_wconf 80' lang='grc' dir='ltr'><em>οἲκιίμαντοι</em></span> <span class='ocrx_word' id='word_1_64' title='bbox 642 1395 699 1451; x_wconf 91' lang='lat' dir='ltr'>Vl.</span> <span class='ocrx_word' id='word_1_65' title='bbox 735 1398 875 1465; x_wconf 81' lang='grc' dir='ltr'><em>κρατεροί,</em></span> <span class='ocrx_word' id='word_1_66' title='bbox 894 1399 966 1452; x_wconf 88' lang='grc' dir='ltr'><em>θοοί</em></span> <span class='ocrx_word' id='word_1_67' title='bbox 980 1397 1051 1468; x_wconf 88' lang='lat' dir='ltr'>conj.</span> <span class='ocrx_word' id='word_1_68' title='bbox 1070 1395 1246 1452; x_wconf 87' lang='lat' dir='ltr'>Wieseler.</span> <span class='ocrx_word' id='word_1_69' title='bbox 1266 1428 1300 1436; x_wconf 88' lang='lat'><em>-</em></span> 
     </span>
     <span class='ocr_line' id='line_1_11' title="bbox 257 1485 765 1526; baseline -0.008 -6"><span class='ocrx_word' id='word_1_70' title='bbox 257 1485 284 1520; x_wconf 70' lang='lat' dir='ltr'>Ol</span> <span class='ocrx_word' id='word_1_71' title='bbox 338 1507 344 1519; x_wconf 78' lang='grc' dir='ltr'><em>ι</em></span> <span class='ocrx_word' id='word_1_72' title='bbox 757 1499 765 1526; x_wconf 66' lang='grc' dir='ltr'><em>ῃ</em></span> 
     </span>
     <span class='ocr_line' id='line_1_12' title="bbox 304 1536 927 1608; baseline 0.006 -18"><span class='ocrx_word' id='word_1_73' title='bbox 304 1537 339 1592; x_wconf 89' lang='lat' dir='ltr'><strong>V.</strong></span> <span class='ocrx_word' id='word_1_74' title='bbox 360 1540 420 1593; x_wconf 80' lang='lat'><strong>825.</strong></span> <span class='ocrx_word' id='word_1_75' title='bbox 459 1536 605 1608; x_wconf 77' lang='grc' dir='ltr'><em>δεινοῖο]</em></span> <span class='ocrx_word' id='word_1_76' title='bbox 625 1536 687 1592; x_wconf 88' lang='lat' dir='ltr'><strong>Par.</strong></span> <span class='ocrx_word' id='word_1_77' title='bbox 707 1537 753 1592; x_wconf 88' lang='lat' dir='ltr'>Tr.</span> <span class='ocrx_word' id='word_1_78' title='bbox 771 1543 927 1607; x_wconf 84' lang='grc' dir='ltr'><em>κρατεροῖο.</em></span> 
     </span>
    </p>

    <p class='ocr_par' dir='ltr' id='par_1_6' title="bbox 233 1602 1303 2744">
     <span class='ocr_line' id='line_1_13' title="bbox 305 1602 1300 1690; baseline 0.003 -29"><span class='ocrx_word' id='word_1_79' title='bbox 305 1607 338 1662; x_wconf 93' lang='lat' dir='ltr'>V.</span> <span class='ocrx_word' id='word_1_80' title='bbox 359 1614 418 1662; x_wconf 79' lang='lat'><strong>826.</strong></span> <span class='ocrx_word' id='word_1_81' title='bbox 440 1602 733 1690; x_wconf 68' lang='grc' dir='ltr'><em>λελειχμότες]</em></span> <span class='ocrx_word' id='word_1_82' title='bbox 761 1609 826 1663; x_wconf 88' lang='lat' dir='ltr'><strong>Bar.</strong></span> <span class='ocrx_word' id='word_1_83' title='bbox 849 1610 909 1664; x_wconf 87' lang='lat' dir='ltr'><strong>Em.</strong></span> <span class='ocrx_word' id='word_1_84' title='bbox 934 1610 998 1665; x_wconf 91' lang='lat' dir='ltr'>Vat.</span> <span class='ocrx_word' id='word_1_85' title='bbox 1026 1604 1198 1679; x_wconf 81' lang='grc' dir='ltr'><em>λελιχμότος,</em></span> <span class='ocrx_word' id='word_1_86' title='bbox 1226 1609 1300 1664; x_wconf 89' lang='lat' dir='ltr'>unde</span> 
     </span>
     <span class='ocr_line' id='line_1_14' title="bbox 235 1673 1300 1749; baseline 0 -14"><span class='ocrx_word' id='word_1_87' title='bbox 235 1678 341 1735; x_wconf 79' lang='lat' dir='ltr'>Gaisf.</span> <span class='ocrx_word' id='word_1_88' title='bbox 360 1681 390 1733; x_wconf 83' lang='lat' dir='ltr'>et</span> <span class='ocrx_word' id='word_1_89' title='bbox 407 1678 504 1735; x_wconf 83' lang='lat' dir='ltr'>Drnd.</span> <span class='ocrx_word' id='word_1_90' title='bbox 522 1673 699 1749; x_wconf 82' lang='grc' dir='ltr'><em>λελειχμότσς</em></span> <span class='ocrx_word' id='word_1_91' title='bbox 718 1697 782 1734; x_wconf 89' lang='lat' dir='ltr'>cnm</span> <span class='ocrx_word' id='word_1_92' title='bbox 801 1680 934 1737; x_wconf 82' lang='lat' dir='ltr'>Guieto.</span> <span class='ocrx_word' id='word_1_93' title='bbox 970 1681 1105 1736; x_wconf 83' lang='lat' dir='ltr'>Probavit</span> <span class='ocrx_word' id='word_1_94' title='bbox 1126 1679 1300 1736; x_wconf 83' lang='lat' dir='ltr'>Schaefer.</span> 
     </span>
     <span class='ocr_line' id='line_1_15' title="bbox 234 1747 1300 1821; baseline 0 -16"><span class='ocrx_word' id='word_1_95' title='bbox 234 1751 271 1805; x_wconf 86' lang='lat' dir='ltr'>ad</span> <span class='ocrx_word' id='word_1_96' title='bbox 290 1750 405 1819; x_wconf 79' lang='lat' dir='ltr'>Gregor.</span> <span class='ocrx_word' id='word_1_97' title='bbox 425 1747 486 1804; x_wconf 82' lang='lat' dir='ltr'><strong>Cor.</strong></span> <span class='ocrx_word' id='word_1_98' title='bbox 505 1767 534 1819; x_wconf 90' lang='lat' dir='ltr'>p.</span> <span class='ocrx_word' id='word_1_99' title='bbox 553 1755 615 1817; x_wconf 83' lang='grc'>889,</span> <span class='ocrx_word' id='word_1_100' title='bbox 633 1753 749 1819; x_wconf 83' lang='lat' dir='ltr'>propter</span> <span class='ocrx_word' id='word_1_101' title='bbox 772 1752 858 1806; x_wconf 91' lang='lat' dir='ltr'>schol.</span> <span class='ocrx_word' id='word_1_102' title='bbox 876 1752 956 1807; x_wconf 91' lang='lat' dir='ltr'>lliad.</span> <span class='ocrx_word' id='word_1_103' title='bbox 975 1753 1022 1820; x_wconf 85' lang='lat' dir='ltr'>XI,</span> <span class='ocrx_word' id='word_1_104' title='bbox 1043 1758 1084 1806; x_wconf 81' lang='lat'>26.</span> <span class='ocrx_word' id='word_1_105' title='bbox 1123 1752 1179 1806; x_wconf 87' lang='lat' dir='ltr'>Sed</span> <span class='ocrx_word' id='word_1_106' title='bbox 1196 1755 1300 1821; x_wconf 79' lang='grc' dir='ltr'><em>λελειχ-</em></span> 
     </span>
     <span class='ocr_line' id='line_1_16' title="bbox 234 1816 1301 1892; baseline 0.002 -17"><span class='ocrx_word' id='word_1_107' title='bbox 234 1816 318 1892; x_wconf 75' lang='grc' dir='ltr'><em>μότος</em></span> <span class='ocrx_word' id='word_1_108' title='bbox 343 1820 483 1890; x_wconf 76' lang='lat' dir='ltr'><strong>genitivus</strong></span> <span class='ocrx_word' id='word_1_109' title='bbox 506 1823 617 1874; x_wconf 85' lang='lat' dir='ltr'>exortus</span> <span class='ocrx_word' id='word_1_110' title='bbox 640 1837 699 1874; x_wconf 88' lang='lat' dir='ltr'>esse</span> <span class='ocrx_word' id='word_1_111' title='bbox 722 1821 834 1876; x_wconf 82' lang='lat' dir='ltr'>videtur</span> <span class='ocrx_word' id='word_1_112' title='bbox 859 1839 894 1876; x_wconf 88' lang='lat' dir='ltr'>ex</span> <span class='ocrx_word' id='word_1_113' title='bbox 918 1823 1003 1876; x_wconf 82' lang='lat' dir='ltr'>simili</span> <span class='ocrx_word' id='word_1_114' title='bbox 1021 1821 1147 1890; x_wconf 81' lang='lat' dir='ltr'>genitivo</span> <span class='ocrx_word' id='word_1_115' title='bbox 1165 1822 1301 1892; x_wconf 82' lang='grc' dir='ltr'><em>δερκομέ-</em></span> 
     </span>
     <span class='ocr_line' id='line_1_17' title="bbox 234 1885 1299 1960; baseline -0.001 -13"><span class='ocrx_word' id='word_1_116' title='bbox 234 1911 304 1947; x_wconf 90' lang='grc' dir='ltr'><em>νοιο.</em></span> <span class='ocrx_word' id='word_1_117' title='bbox 323 1885 483 1960; x_wconf 80' lang='grc' dir='ltr'><em>λελιχμότες</em></span> <span class='ocrx_word' id='word_1_118' title='bbox 505 1890 565 1944; x_wconf 89' lang='grc' dir='ltr'>Μ3.</span> <span class='ocrx_word' id='word_1_119' title='bbox 589 1891 646 1945; x_wconf 88' lang='lat' dir='ltr'>Vl.</span> <span class='ocrx_word' id='word_1_120' title='bbox 676 1890 798 1946; x_wconf 82' lang='lat' dir='ltr'>Gramm.</span> <span class='ocrx_word' id='word_1_121' title='bbox 818 1909 862 1960; x_wconf 89' lang='lat' dir='ltr'><strong>ap.</strong></span> <span class='ocrx_word' id='word_1_122' title='bbox 883 1891 1027 1946; x_wconf 82' lang='lat' dir='ltr'>Cramer.</span> <span class='ocrx_word' id='word_1_123' title='bbox 1046 1891 1152 1946; x_wconf 87' lang='lat' dir='ltr'>Anecd.</span> <span class='ocrx_word' id='word_1_124' title='bbox 1172 1891 1258 1948; x_wconf 89' lang='lat' dir='ltr'><strong>Oxcn.</strong></span> <span class='ocrx_word' id='word_1_125' title='bbox 1278 1895 1299 1946; x_wconf 91' lang='grc' dir='ltr'>Ι.</span> 
     </span>
     <span class='ocr_line' id='line_1_18' title="bbox 234 1960 1299 2034; baseline -0.001 -17"><span class='ocrx_word' id='word_1_126' title='bbox 234 1982 262 2034; x_wconf 87' lang='lat' dir='ltr'>p.</span> <span class='ocrx_word' id='word_1_127' title='bbox 278 1969 339 2031; x_wconf 79' lang='lat'><strong>268,</strong></span> <span class='ocrx_word' id='word_1_128' title='bbox 359 1961 433 2032; x_wconf 89' lang='lat' dir='ltr'>quod</span> <span class='ocrx_word' id='word_1_129' title='bbox 451 1962 616 2030; x_wconf 84' lang='lat' dir='ltr'>receperunt</span> <span class='ocrx_word' id='word_1_130' title='bbox 633 1960 779 2031; x_wconf 85' lang='lat' dir='ltr'>Lennep.</span> <span class='ocrx_word' id='word_1_131' title='bbox 799 1961 949 2016; x_wconf 84' lang='lat' dir='ltr'>Schoem.</span> <span class='ocrx_word' id='word_1_132' title='bbox 968 1962 1014 2016; x_wconf 71' lang='lat' dir='ltr'>nl.</span> <span class='ocrx_word' id='word_1_133' title='bbox 1051 1961 1106 2016; x_wconf 84' lang='lat' dir='ltr'>Sed</span> <span class='ocrx_word' id='word_1_134' title='bbox 1121 1961 1192 2017; x_wconf 86' lang='lat' dir='ltr'><strong>conf.</strong></span> <span class='ocrx_word' id='word_1_135' title='bbox 1211 1961 1299 2016; x_wconf 87' lang='lat' dir='ltr'>Mue-</span> 
     </span>
     <span class='ocr_line' id='line_1_19' title="bbox 235 2026 1300 2103; baseline -0.005 -14"><span class='ocrx_word' id='word_1_136' title='bbox 235 2035 330 2090; x_wconf 83' lang='lat' dir='ltr'>taell.</span> <span class='ocrx_word' id='word_1_137' title='bbox 348 2051 377 2103; x_wconf 87' lang='lat' dir='ltr'>p.</span> <span class='ocrx_word' id='word_1_138' title='bbox 396 2037 447 2086; x_wconf 75' lang='lat'>187</span> <span class='ocrx_word' id='word_1_139' title='bbox 467 2049 525 2100; x_wconf 84' lang='lat' dir='ltr'>seq.</span> <span class='ocrx_word' id='word_1_140' title='bbox 544 2030 652 2087; x_wconf 89' lang='lat' dir='ltr'><strong>-.Pro</strong></span> <span class='ocrx_word' id='word_1_141' title='bbox 667 2026 700 2091; x_wconf 81' lang='grc' dir='ltr'>έκ</span> <span class='ocrx_word' id='word_1_142' title='bbox 715 2031 747 2086; x_wconf 85' lang='grc' dir='ltr'>δέ</span> <span class='ocrx_word' id='word_1_143' title='bbox 767 2029 797 2086; x_wconf 86' lang='grc' dir='ltr'><em>σί</em></span> <span class='ocrx_word' id='word_1_144' title='bbox 812 2027 1030 2086; x_wconf 78' lang='grc' dir='ltr'><em>ὄσσωνΗετω.</em></span> <span class='ocrx_word' id='word_1_145' title='bbox 1051 2027 1082 2085; x_wconf 87' lang='grc' dir='ltr'><em>έν</em></span> <span class='ocrx_word' id='word_1_146' title='bbox 1101 2030 1134 2085; x_wconf 82' lang='grc' dir='ltr'>δέ</span> <span class='ocrx_word' id='word_1_147' title='bbox 1153 2029 1184 2086; x_wconf 74' lang='lat' dir='ltr'>oi</span> <span class='ocrx_word' id='word_1_148' title='bbox 1199 2027 1300 2100; x_wconf 86' lang='grc' dir='ltr'><em>ὄσσων,</em></span> 
     </span>
     <span class='ocr_line' id='line_1_20' title="bbox 233 2101 1300 2174; baseline -0.006 -14"><span class='ocrx_word' id='word_1_149' title='bbox 233 2110 267 2160; x_wconf 84' lang='lat' dir='ltr'>st</span> <span class='ocrx_word' id='word_1_150' title='bbox 286 2101 318 2160; x_wconf 86' lang='grc' dir='ltr'><em>έν</em></span> <span class='ocrx_word' id='word_1_151' title='bbox 337 2105 373 2160; x_wconf 89' lang='lat' dir='ltr'>ad</span> <span class='ocrx_word' id='word_1_152' title='bbox 391 2103 533 2174; x_wconf 81' lang='grc' dir='ltr'><em>κεφαλῇσι</em></span> <span class='ocrx_word' id='word_1_153' title='bbox 545 2102 694 2172; x_wconf 84' lang='lat' dir='ltr'>pertineat.</span> <span class='ocrx_word' id='word_1_154' title='bbox 733 2102 794 2168; x_wconf 82' lang='lat' dir='ltr'>Quo</span> <span class='ocrx_word' id='word_1_155' title='bbox 813 2105 922 2158; x_wconf 77' lang='lat' dir='ltr'>mutato</span> <span class='ocrx_word' id='word_1_156' title='bbox 940 2119 996 2158; x_wconf 90' lang='lat' dir='ltr'>non</span> <span class='ocrx_word' id='word_1_157' title='bbox 1015 2119 1085 2171; x_wconf 89' lang='lat' dir='ltr'>opus</span> <span class='ocrx_word' id='word_1_158' title='bbox 1102 2118 1162 2156; x_wconf 88' lang='lat' dir='ltr'>esse</span> <span class='ocrx_word' id='word_1_159' title='bbox 1179 2102 1300 2170; x_wconf 83' lang='lat' dir='ltr'>videtur,</span> 
     </span>
     <span class='ocr_line' id='line_1_21' title="bbox 237 2170 1300 2246; baseline -0.007 -13"><span class='ocrx_word' id='word_1_160' title='bbox 237 2194 302 2233; x_wconf 89' lang='lat' dir='ltr'>cum</span> <span class='ocrx_word' id='word_1_161' title='bbox 327 2176 482 2246; x_wconf 80' lang='grc' dir='ltr'><em>θεσπεσίῃς</em></span> <span class='ocrx_word' id='word_1_162' title='bbox 507 2174 648 2245; x_wconf 80' lang='grc' dir='ltr'><em>κεφαλῇσι</em></span> <span class='ocrx_word' id='word_1_163' title='bbox 676 2173 713 2228; x_wconf 83' lang='lat' dir='ltr'>sit</span> <span class='ocrx_word' id='word_1_164' title='bbox 739 2174 852 2229; x_wconf 83' lang='lat' dir='ltr'>dativus</span> <span class='ocrx_word' id='word_1_165' title='bbox 876 2173 932 2229; x_wconf 93' lang='lat' dir='ltr'>loci</span> <span class='ocrx_word' id='word_1_166' title='bbox 954 2175 984 2229; x_wconf 87' lang='lat' dir='ltr'>et</span> <span class='ocrx_word' id='word_1_167' title='bbox 1007 2170 1039 2228; x_wconf 84' lang='grc' dir='ltr'>έκ</span> <span class='ocrx_word' id='word_1_168' title='bbox 1063 2173 1095 2228; x_wconf 83' lang='grc' dir='ltr'>δέ</span> <span class='ocrx_word' id='word_1_169' title='bbox 1114 2172 1300 2228; x_wconf 83' lang='lat' dir='ltr'>necessarium</span> 
     </span>
     <span class='ocr_line' id='line_1_22' title="bbox 233 2245 1298 2376; baseline -0.007 -72"><span class='ocrx_word' id='word_1_170' title='bbox 233 2247 459 2376; x_wconf 54' lang='lat' dir='ltr'>psseFli-idestur</span> <span class='ocrx_word' id='word_1_171' title='bbox 489 2248 605 2317; x_wconf 86' lang='lat' dir='ltr'>propter</span> <span class='ocrx_word' id='word_1_172' title='bbox 641 2245 872 2315; x_wconf 75' lang='lat' dir='ltr'>aequabilitatem</span> <span class='ocrx_word' id='word_1_173' title='bbox 903 2246 1092 2302; x_wconf 87' lang='lat' dir='ltr'>membrorum</span> <span class='ocrx_word' id='word_1_174' title='bbox 1122 2262 1148 2299; x_wconf 86' lang='lat' dir='ltr'>v.</span> <span class='ocrx_word' id='word_1_175' title='bbox 1176 2249 1237 2300; x_wconf 81' lang='lat'><strong>824.</strong></span> <span class='ocrx_word' id='word_1_176' title='bbox 1265 2274 1298 2283; x_wconf 98' lang='lat'>—</span> 
     </span>
     <span class='ocr_line' id='line_1_23' title="bbox 258 2339 804 2376; baseline -0.004 -1"><span class='ocrx_word' id='word_1_177' title='bbox 258 2339 286 2376; x_wconf 86' lang='grc' dir='ltr'>σι</span> <span class='ocrx_word' id='word_1_178' title='bbox 339 2363 345 2376; x_wconf 89' lang='grc'><strong>.</strong></span> <span class='ocrx_word' id='word_1_179' title='bbox 798 2350 804 2365; x_wconf 76' lang='lat'>=</span> 
     </span>
     <span class='ocr_line' id='line_1_24' title="bbox 305 2383 1299 2459; baseline -0.005 -14"><span class='ocrx_word' id='word_1_180' title='bbox 305 2391 339 2447; x_wconf 88' lang='lat' dir='ltr'><strong>V.</strong></span> <span class='ocrx_word' id='word_1_181' title='bbox 359 2395 420 2445; x_wconf 83' lang='lat'><strong>828.</strong></span> <span class='ocrx_word' id='word_1_182' title='bbox 457 2385 572 2443; x_wconf 84' lang='grc' dir='ltr'><em>πασέων</em></span> <span class='ocrx_word' id='word_1_183' title='bbox 591 2383 708 2459; x_wconf 68' lang='lat' dir='ltr'>lulla,</span> <span class='ocrx_word' id='word_1_184' title='bbox 728 2385 760 2444; x_wconf 76' lang='grc' dir='ltr'>ἐκ</span> <span class='ocrx_word' id='word_1_185' title='bbox 778 2387 893 2444; x_wconf 86' lang='grc' dir='ltr'><em>πασέων</em></span> <span class='ocrx_word' id='word_1_186' title='bbox 912 2407 976 2457; x_wconf 86' lang='grc' dir='ltr'><em>κεφ.</em></span> <span class='ocrx_word' id='word_1_187' title='bbox 995 2387 1051 2444; x_wconf 89' lang='lat' dir='ltr'>Vl.</span> <span class='ocrx_word' id='word_1_188' title='bbox 1088 2387 1169 2441; x_wconf 89' lang='lat' dir='ltr'>Hunc</span> <span class='ocrx_word' id='word_1_189' title='bbox 1186 2403 1299 2441; x_wconf 86' lang='lat' dir='ltr'>versum</span> 
     </span>
     <span class='ocr_line' id='line_1_25' title="bbox 234 2457 1297 2532; baseline -0.005 -16"><span class='ocrx_word' id='word_1_190' title='bbox 234 2464 267 2517; x_wconf 85' lang='lat' dir='ltr'>ut</span> <span class='ocrx_word' id='word_1_191' title='bbox 284 2461 384 2516; x_wconf 83' lang='lat' dir='ltr'>inutile</span> <span class='ocrx_word' id='word_1_192' title='bbox 403 2461 544 2532; x_wconf 77' lang='lat' dir='ltr'>glossema</span> <span class='ocrx_word' id='word_1_193' title='bbox 566 2460 691 2530; x_wconf 89' lang='lat' dir='ltr'>spurium</span> <span class='ocrx_word' id='word_1_194' title='bbox 710 2477 770 2516; x_wconf 89' lang='lat' dir='ltr'>esse</span> <span class='ocrx_word' id='word_1_195' title='bbox 789 2460 897 2516; x_wconf 88' lang='lat' dir='ltr'>censuit</span> <span class='ocrx_word' id='word_1_196' title='bbox 914 2459 1102 2528; x_wconf 83' lang='lat' dir='ltr'>Ruhnken,</span> <span class='ocrx_word' id='word_1_197' title='bbox 1126 2457 1204 2512; x_wconf 87' lang='lat' dir='ltr'>uncis</span> <span class='ocrx_word' id='word_1_198' title='bbox 1222 2474 1297 2512; x_wconf 87' lang='lat' dir='ltr'>coer-</span> 
     </span>
     <span class='ocr_line' id='line_1_26' title="bbox 235 2527 1300 2600; baseline -0.006 -12"><span class='ocrx_word' id='word_1_199' title='bbox 235 2532 294 2588; x_wconf 84' lang='lat' dir='ltr'>cuit</span> <span class='ocrx_word' id='word_1_200' title='bbox 311 2532 422 2600; x_wconf 67' lang='lat' dir='ltr'>Wolf„</span> <span class='ocrx_word' id='word_1_201' title='bbox 447 2549 531 2600; x_wconf 87' lang='lat' dir='ltr'>quem</span> <span class='ocrx_word' id='word_1_202' title='bbox 554 2532 640 2587; x_wconf 87' lang='lat' dir='ltr'>ceteri</span> <span class='ocrx_word' id='word_1_203' title='bbox 662 2532 751 2587; x_wconf 85' lang='lat' dir='ltr'>secuti</span> <span class='ocrx_word' id='word_1_204' title='bbox 774 2534 847 2588; x_wconf 85' lang='lat' dir='ltr'>sunt.</span> <span class='ocrx_word' id='word_1_205' title='bbox 885 2531 940 2586; x_wconf 86' lang='lat' dir='ltr'>Sed</span> <span class='ocrx_word' id='word_1_206' title='bbox 963 2530 1035 2586; x_wconf 89' lang='lat' dir='ltr'>alius</span> <span class='ocrx_word' id='word_1_207' title='bbox 1054 2545 1115 2585; x_wconf 89' lang='lat' dir='ltr'>esse</span> <span class='ocrx_word' id='word_1_208' title='bbox 1133 2527 1300 2585; x_wconf 81' lang='lat' dir='ltr'>recensionis</span> 
     </span>
     <span class='ocr_line' id='line_1_27' title="bbox 234 2601 1303 2673; baseline -0.007 -13"><span class='ocrx_word' id='word_1_209' title='bbox 234 2604 346 2660; x_wconf 82' lang='lat' dir='ltr'>videtur</span> <span class='ocrx_word' id='word_1_210' title='bbox 363 2619 414 2673; x_wconf 88' lang='lat' dir='ltr'>pro</span> <span class='ocrx_word' id='word_1_211' title='bbox 428 2602 554 2657; x_wconf 82' lang='lat' dir='ltr'>versibus</span> <span class='ocrx_word' id='word_1_212' title='bbox 569 2607 630 2658; x_wconf 80' lang='lat'><strong>826.</strong></span> <span class='ocrx_word' id='word_1_213' title='bbox 650 2609 711 2659; x_wconf 76' lang='lat'><strong>827.</strong></span> <span class='ocrx_word' id='word_1_214' title='bbox 748 2602 943 2672; x_wconf 85' lang='lat' dir='ltr'>Lennepius</span> <span class='ocrx_word' id='word_1_215' title='bbox 961 2603 1057 2657; x_wconf 85' lang='lat' dir='ltr'>autem</span> <span class='ocrx_word' id='word_1_216' title='bbox 1080 2601 1200 2655; x_wconf 82' lang='lat' dir='ltr'>retinere</span> <span class='ocrx_word' id='word_1_217' title='bbox 1219 2614 1303 2654; x_wconf 87' lang='lat' dir='ltr'>oona-</span> 
     </span>
     <span class='ocr_line' id='line_1_28' title="bbox 235 2671 703 2744; baseline -0.009 -12"><span class='ocrx_word' id='word_1_218' title='bbox 235 2679 280 2732; x_wconf 87' lang='lat' dir='ltr'>tus</span> <span class='ocrx_word' id='word_1_219' title='bbox 299 2679 350 2744; x_wconf 78' lang='lat' dir='ltr'>est,</span> <span class='ocrx_word' id='word_1_220' title='bbox 368 2673 500 2728; x_wconf 89' lang='lat' dir='ltr'>laudatus</span> <span class='ocrx_word' id='word_1_221' title='bbox 519 2689 537 2726; x_wconf 89' lang='lat' dir='ltr'>a</span> <span class='ocrx_word' id='word_1_222' title='bbox 555 2671 703 2729; x_wconf 82' lang='lat' dir='ltr'>Schoem.</span> 
     </span>
    </p>

    <p class='ocr_par' dir='ltr' id='par_1_7' title="bbox 235 2737 1301 3363">
     <span class='ocr_line' id='line_1_29' title="bbox 306 2737 1294 2807; baseline -0.006 -7"><span class='ocrx_word' id='word_1_223' title='bbox 306 2746 339 2800; x_wconf 88' lang='lat' dir='ltr'>V.</span> <span class='ocrx_word' id='word_1_224' title='bbox 359 2749 419 2800; x_wconf 83' lang='grc'><strong>880.</strong></span> <span class='ocrx_word' id='word_1_225' title='bbox 457 2737 507 2797; x_wconf 81' lang='grc' dir='ltr'>ὄπ’</span> <span class='ocrx_word' id='word_1_226' title='bbox 534 2741 641 2797; x_wconf 80' lang='grc' dir='ltr'><em>ἰεῖσαι</em></span> <span class='ocrx_word' id='word_1_227' title='bbox 678 2743 724 2798; x_wconf 84' lang='lat' dir='ltr'>Sic</span> <span class='ocrx_word' id='word_1_228' title='bbox 748 2743 828 2798; x_wconf 89' lang='lat' dir='ltr'>codd.</span> <span class='ocrx_word' id='word_1_229' title='bbox 852 2744 882 2797; x_wconf 83' lang='lat' dir='ltr'>et</span> <span class='ocrx_word' id='word_1_230' title='bbox 904 2742 965 2796; x_wconf 87' lang='lat' dir='ltr'>edd.</span> <span class='ocrx_word' id='word_1_231' title='bbox 990 2757 1084 2795; x_wconf 87' lang='lat' dir='ltr'>omnes</span> <span class='ocrx_word' id='word_1_232' title='bbox 1107 2740 1220 2807; x_wconf 81' lang='lat' dir='ltr'>praeter</span> <span class='ocrx_word' id='word_1_233' title='bbox 1238 2739 1294 2794; x_wconf 88' lang='lat' dir='ltr'>Vl.</span> 
     </span>
     <span class='ocr_line' id='line_1_30' title="bbox 235 2807 1300 2900; baseline -0.01 -27"><span class='ocrx_word' id='word_1_234' title='bbox 235 2818 299 2873; x_wconf 79' lang='lat' dir='ltr'><strong>Par.</strong></span> <span class='ocrx_word' id='word_1_235' title='bbox 319 2822 357 2883; x_wconf 90' lang='lat'><strong>1.,</strong></span> <span class='ocrx_word' id='word_1_236' title='bbox 376 2814 426 2896; x_wconf 75' lang='lat' dir='ltr'>qui</span> <span class='ocrx_word' id='word_1_237' title='bbox 442 2813 549 2868; x_wconf 88' lang='lat' dir='ltr'>habent</span> <span class='ocrx_word' id='word_1_238' title='bbox 567 2807 614 2882; x_wconf 74' lang='grc' dir='ltr'><em>ὅρι’</em></span> <span class='ocrx_word' id='word_1_239' title='bbox 647 2820 734 2882; x_wconf 80' lang='grc' dir='ltr'><em>εἰσιν,</em></span> <span class='ocrx_word' id='word_1_240' title='bbox 751 2813 828 2900; x_wconf 65' lang='lat' dir='ltr'>guod</span> <span class='ocrx_word' id='word_1_241' title='bbox 850 2815 995 2880; x_wconf 87' lang='lat' dir='ltr'>receptum</span> <span class='ocrx_word' id='word_1_242' title='bbox 1018 2812 1061 2863; x_wconf 89' lang='lat' dir='ltr'>est</span> <span class='ocrx_word' id='word_1_243' title='bbox 1078 2825 1096 2862; x_wconf 89' lang='lat' dir='ltr'>a</span> <span class='ocrx_word' id='word_1_244' title='bbox 1114 2807 1300 2862; x_wconf 86' lang='lat' dir='ltr'>Dindorfic</span> 
     </span>
     <span class='ocr_line' id='line_1_31' title="bbox 236 2875 1301 2953; baseline -0.013 -9"><span class='ocrx_word' id='word_1_245' title='bbox 236 2890 266 2944; x_wconf 84' lang='lat' dir='ltr'>et</span> <span class='ocrx_word' id='word_1_246' title='bbox 282 2885 429 2952; x_wconf 87' lang='lat' dir='ltr'>Weis10‚</span> <span class='ocrx_word' id='word_1_247' title='bbox 449 2887 478 2940; x_wconf 88' lang='lat' dir='ltr'>et</span> <span class='ocrx_word' id='word_1_248' title='bbox 504 2883 566 2948; x_wconf 78' lang='lat' dir='ltr'><strong>Pa..</strong></span> <span class='ocrx_word' id='word_1_249' title='bbox 596 2885 645 2952; x_wconf 87' lang='lat' dir='ltr'>qui</span> <span class='ocrx_word' id='word_1_250' title='bbox 671 2900 722 2953; x_wconf 90' lang='lat' dir='ltr'>pro</span> <span class='ocrx_word' id='word_1_251' title='bbox 748 2877 793 2936; x_wconf 81' lang='grc' dir='ltr'><em>στ’</em></span> <span class='ocrx_word' id='word_1_252' title='bbox 813 2881 900 2936; x_wconf 82' lang='lat' dir='ltr'>habet</span> <span class='ocrx_word' id='word_1_253' title='bbox 927 2875 985 2934; x_wconf 84' lang='grc' dir='ltr'><em>ὄσσ’</em></span> <span class='ocrx_word' id='word_1_254' title='bbox 1014 2877 1108 2932; x_wconf 83' lang='grc' dir='ltr'><em>ίεῖσαι.</em></span> <span class='ocrx_word' id='word_1_255' title='bbox 1149 2879 1301 2946; x_wconf 85' lang='lat' dir='ltr'>Perperam</span> 
     </span>
     <span class='ocr_line' id='line_1_32' title="bbox 237 2948 1298 3020; baseline -0.011 -5"><span class='ocrx_word' id='word_1_256' title='bbox 237 2960 386 3014; x_wconf 84' lang='lat' dir='ltr'>Schoem.</span> <span class='ocrx_word' id='word_1_257' title='bbox 411 2957 441 3010; x_wconf 85' lang='lat' dir='ltr'>st</span> <span class='ocrx_word' id='word_1_258' title='bbox 463 2953 600 3008; x_wconf 88' lang='lat' dir='ltr'>Koechl.</span> <span class='ocrx_word' id='word_1_259' title='bbox 625 2949 670 3009; x_wconf 83' lang='grc' dir='ltr'>ὄπ’</span> <span class='ocrx_word' id='word_1_260' title='bbox 696 2951 795 3020; x_wconf 81' lang='grc' dir='ltr'><em>ίεῖσαι,</em></span> <span class='ocrx_word' id='word_1_261' title='bbox 819 2951 894 3020; x_wconf 89' lang='lat' dir='ltr'>quod</span> <span class='ocrx_word' id='word_1_262' title='bbox 918 2951 1062 3004; x_wconf 77' lang='lat' dir='ltr'>suaserant</span> <span class='ocrx_word' id='word_1_263' title='bbox 1079 2948 1252 3002; x_wconf 88' lang='lat' dir='ltr'>Mnetaell.</span> <span class='ocrx_word' id='word_1_264' title='bbox 1270 2967 1298 3018; x_wconf 89' lang='lat' dir='ltr'>p.</span> 
     </span>
     <span class='ocr_line' id='line_1_33' title="bbox 237 3015 1300 3093; baseline -0.011 -8"><span class='ocrx_word' id='word_1_265' title='bbox 237 3037 289 3086; x_wconf 83' lang='lat'>138</span> <span class='ocrx_word' id='word_1_266' title='bbox 313 3031 342 3084; x_wconf 83' lang='lat' dir='ltr'>et</span> <span class='ocrx_word' id='word_1_267' title='bbox 363 3026 618 3082; x_wconf 77' lang='lat' dir='ltr'>Foerstemann.</span> <span class='ocrx_word' id='word_1_268' title='bbox 643 3042 671 3093; x_wconf 88' lang='lat' dir='ltr'>p.</span> <span class='ocrx_word' id='word_1_269' title='bbox 695 3028 738 3077; x_wconf 81' lang='lat'>42.</span> <span class='ocrx_word' id='word_1_270' title='bbox 775 3022 848 3076; x_wconf 85' lang='lat' dir='ltr'>Nam</span> <span class='ocrx_word' id='word_1_271' title='bbox 871 3015 917 3075; x_wconf 82' lang='grc' dir='ltr'>ὄπ’</span> <span class='ocrx_word' id='word_1_272' title='bbox 943 3019 1029 3075; x_wconf 85' lang='grc' dir='ltr'><em>ίεῖσαι</em></span> <span class='ocrx_word' id='word_1_273' title='bbox 1050 3019 1080 3073; x_wconf 93' lang='lat' dir='ltr'>in</span> <span class='ocrx_word' id='word_1_274' title='bbox 1098 3018 1225 3090; x_wconf 81' lang='lat' dir='ltr'>vestigiis</span> <span class='ocrx_word' id='word_1_275' title='bbox 1243 3035 1300 3074; x_wconf 89' lang='lat' dir='ltr'>ser-</span> 
     </span>
     <span class='ocr_line' id='line_1_34' title="bbox 235 3089 1301 3162; baseline -0.01 -6"><span class='ocrx_word' id='word_1_276' title='bbox 235 3099 327 3156; x_wconf 88' lang='lat' dir='ltr'>monis</span> <span class='ocrx_word' id='word_1_277' title='bbox 357 3096 467 3152; x_wconf 86' lang='lat' dir='ltr'>Aeolioi</span> <span class='ocrx_word' id='word_1_278' title='bbox 497 3095 658 3150; x_wconf 86' lang='lat' dir='ltr'>habendum</span> <span class='ocrx_word' id='word_1_279' title='bbox 683 3095 739 3162; x_wconf 80' lang='lat' dir='ltr'>est,</span> <span class='ocrx_word' id='word_1_280' title='bbox 766 3107 821 3160; x_wconf 88' lang='lat' dir='ltr'>quo</span> <span class='ocrx_word' id='word_1_281' title='bbox 848 3107 929 3144; x_wconf 89' lang='lat' dir='ltr'>usum</span> <span class='ocrx_word' id='word_1_282' title='bbox 958 3089 1110 3146; x_wconf 85' lang='lat' dir='ltr'>Hesiodum</span> <span class='ocrx_word' id='word_1_283' title='bbox 1143 3107 1203 3146; x_wconf 90' lang='lat' dir='ltr'>esse</span> <span class='ocrx_word' id='word_1_284' title='bbox 1237 3106 1301 3146; x_wconf 88' lang='lat' dir='ltr'>oon-</span> 
     </span>
     <span class='ocr_line' id='line_1_35' title="bbox 236 3161 1300 3232; baseline -0.008 -7"><span class='ocrx_word' id='word_1_285' title='bbox 236 3171 302 3226; x_wconf 79' lang='lat' dir='ltr'>stat.</span> <span class='ocrx_word' id='word_1_286' title='bbox 321 3168 361 3223; x_wconf 85' lang='lat' dir='ltr'><strong>cf.</strong></span> <span class='ocrx_word' id='word_1_287' title='bbox 398 3167 529 3220; x_wconf 85' lang='lat' dir='ltr'>Ahrens</span> <span class='ocrx_word' id='word_1_288' title='bbox 549 3165 583 3219; x_wconf 91' lang='lat' dir='ltr'>de</span> <span class='ocrx_word' id='word_1_289' title='bbox 604 3165 670 3220; x_wconf 86' lang='lat' dir='ltr'>dial.</span> <span class='ocrx_word' id='word_1_290' title='bbox 689 3162 767 3218; x_wconf 86' lang='lat' dir='ltr'>Aeol.</span> <span class='ocrx_word' id='word_1_291' title='bbox 786 3180 813 3232; x_wconf 89' lang='lat' dir='ltr'>p.</span> <span class='ocrx_word' id='word_1_292' title='bbox 835 3167 876 3217; x_wconf 75' lang='lat' dir='ltr'>le.</span> <span class='ocrx_word' id='word_1_293' title='bbox 896 3167 957 3217; x_wconf 84' lang='grc'><strong>169.</strong></span> <span class='ocrx_word' id='word_1_294' title='bbox 993 3161 1115 3217; x_wconf 85' lang='lat' dir='ltr'>Buttm.</span> <span class='ocrx_word' id='word_1_295' title='bbox 1135 3161 1181 3218; x_wconf 75' lang='lat' dir='ltr'><strong>(ir.</strong></span> <span class='ocrx_word' id='word_1_296' title='bbox 1200 3163 1246 3218; x_wconf 89' lang='lat' dir='ltr'><strong>ub.</strong></span> <span class='ocrx_word' id='word_1_297' title='bbox 1265 3161 1300 3218; x_wconf 89' lang='lat' dir='ltr'>H.</span> 
     </span>
     <span class='ocr_line' id='line_1_36' title="bbox 256 3231 1299 3363; baseline -0.009 -67"><span class='ocrx_word' id='word_1_298' title='bbox 256 3283 262 3296; x_wconf 94' lang='lat'>.</span> <span class='ocrx_word' id='word_1_299' title='bbox 282 3236 490 3363; x_wconf 43' lang='lat' dir='ltr'><strong>385fflpfich.</strong></span> <span class='ocrx_word' id='word_1_300' title='bbox 504 3235 619 3290; x_wconf 85' lang='lat' dir='ltr'>Dialekt</span> <span class='ocrx_word' id='word_1_301' title='bbox 632 3253 659 3304; x_wconf 88' lang='lat' dir='ltr'>p.</span> <span class='ocrx_word' id='word_1_302' title='bbox 674 3240 735 3289; x_wconf 86' lang='grc'><strong>360.</strong></span> <span class='ocrx_word' id='word_1_303' title='bbox 772 3232 818 3287; x_wconf 85' lang='lat' dir='ltr'>Ad</span> <span class='ocrx_word' id='word_1_304' title='bbox 832 3233 948 3288; x_wconf 86' lang='lat' dir='ltr'>verbum</span> <span class='ocrx_word' id='word_1_305' title='bbox 961 3232 1004 3288; x_wconf 89' lang='lat' dir='ltr'>ita</span> <span class='ocrx_word' id='word_1_306' title='bbox 1017 3231 1123 3302; x_wconf 81' lang='lat' dir='ltr'>legitur</span> <span class='ocrx_word' id='word_1_307' title='bbox 1140 3249 1185 3304; x_wconf 90' lang='lat' dir='ltr'><strong>ap.</strong></span> <span class='ocrx_word' id='word_1_308' title='bbox 1204 3235 1299 3304; x_wconf 76' lang='lat' dir='ltr'><strong>hymn.</strong></span> 
     </span>
    </p>

    <p class='ocr_par' dir='ltr' id='par_1_8' title="bbox 263 3311 510 3372">
     <span class='ocr_line' id='line_1_37' title="bbox 263 3311 510 3372; baseline -0.028 -6"><span class='ocrx_word' id='word_1_309' title='bbox 263 3327 317 3367; x_wconf 89' lang='lat' dir='ltr'>cm.</span> <span class='ocrx_word' id='word_1_310' title='bbox 439 3311 510 3372; x_wconf 83' lang='lat'><strong>,18.</strong></span> 
     </span>
    </p>
   </div>
   <div class='ocr_carea' id='block_1_4' title="bbox 237 3489 1302 4353">
    <p class='ocr_par' dir='ltr' id='par_1_9' title="bbox 237 3489 1302 3635">
     <span class='ocr_line' id='line_1_38' title="bbox 273 3489 1302 3569; baseline -0.004 -10"><span class='ocrx_word' id='word_1_311' title='bbox 273 3503 307 3560; x_wconf 90' lang='lat' dir='ltr'><strong>V.</strong></span> <span class='ocrx_word' id='word_1_312' title='bbox 328 3507 388 3557; x_wconf 76' lang='grc'><strong>885.</strong></span> <span class='ocrx_word' id='word_1_313' title='bbox 424 3499 466 3554; x_wconf 91' lang='lat' dir='ltr'>De</span> <span class='ocrx_word' id='word_1_314' title='bbox 488 3498 580 3554; x_wconf 77' lang='lat' dir='ltr'>ferma</span> <span class='ocrx_word' id='word_1_315' title='bbox 602 3489 639 3568; x_wconf 79' lang='grc' dir='ltr'><em>ἦν</em></span> <span class='ocrx_word' id='word_1_316' title='bbox 661 3516 687 3554; x_wconf 79' lang='lat' dir='ltr'>v.</span> <span class='ocrx_word' id='word_1_317' title='bbox 707 3498 743 3553; x_wconf 85' lang='lat' dir='ltr'>ad</span> <span class='ocrx_word' id='word_1_318' title='bbox 797 3494 870 3553; x_wconf 80' lang='grc' dir='ltr'><em>κατὰ</em></span> <span class='ocrx_word' id='word_1_319' title='bbox 892 3494 925 3552; x_wconf 83' lang='grc' dir='ltr'>τὸ</span> <span class='ocrx_word' id='word_1_320' title='bbox 948 3495 1169 3569; x_wconf 87' lang='grc' dir='ltr'><em>σημαινόμενον,</em></span> <span class='ocrx_word' id='word_1_321' title='bbox 1192 3500 1302 3569; x_wconf 76' lang='lat' dir='ltr'>deque</span> 
     </span>
     <span class='ocr_line' id='line_1_39' title="bbox 237 3567 1145 3635; baseline -0.004 -4"><span class='ocrx_word' id='word_1_322' title='bbox 237 3595 264 3632; x_wconf 82' lang='lat' dir='ltr'>v.</span> <span class='ocrx_word' id='word_1_323' title='bbox 283 3580 344 3630; x_wconf 74' lang='lat'><strong>321.</strong></span> <span class='ocrx_word' id='word_1_324' title='bbox 797 3588 822 3625; x_wconf 87' lang='lat' dir='ltr'>v.</span> <span class='ocrx_word' id='word_1_325' title='bbox 842 3567 959 3625; x_wconf 70' lang='lat' dir='ltr'>naeth.</span> <span class='ocrx_word' id='word_1_326' title='bbox 974 3574 997 3635; x_wconf 64' lang='grc' dir='ltr'>ς.</span> <span class='ocrx_word' id='word_1_327' title='bbox 1012 3575 1071 3624; x_wconf 84' lang='grc'><strong>334.</strong></span> <span class='ocrx_word' id='word_1_328' title='bbox 1087 3574 1145 3626; x_wconf 86' lang='lat' dir='ltr'>not.</span> 
     </span>
    </p>

    <p class='ocr_par' dir='ltr' id='par_1_10' title="bbox 239 3635 1302 4353">
     <span class='ocr_line' id='line_1_40' title="bbox 275 3635 1302 3713; baseline -0.005 -12"><span class='ocrx_word' id='word_1_329' title='bbox 275 3646 309 3702; x_wconf 89' lang='lat' dir='ltr'>V.</span> <span class='ocrx_word' id='word_1_330' title='bbox 328 3650 389 3700; x_wconf 77' lang='lat'><strong>826.</strong></span> <span class='ocrx_word' id='word_1_331' title='bbox 426 3635 657 3711; x_wconf 80' lang='grc' dir='ltr'><em>λελειχμότες]</em></span> <span class='ocrx_word' id='word_1_332' title='bbox 681 3641 745 3696; x_wconf 88' lang='lat' dir='ltr'>Nisi</span> <span class='ocrx_word' id='word_1_333' title='bbox 833 3642 866 3696; x_wconf 93' lang='lat' dir='ltr'><strong>V.</strong></span> <span class='ocrx_word' id='word_1_334' title='bbox 886 3645 1035 3696; x_wconf 76' lang='lat' dir='ltr'>eae-880.</span> <span class='ocrx_word' id='word_1_335' title='bbox 1072 3641 1148 3698; x_wconf 84' lang='lat' dir='ltr'>Haec</span> <span class='ocrx_word' id='word_1_336' title='bbox 1170 3657 1302 3713; x_wconf 88' lang='lat' dir='ltr'>perversa</span> 
     </span>
     <span class='ocr_line' id='line_1_41' title="bbox 242 3710 1300 3782; baseline -0.007 -10"><span class='ocrx_word' id='word_1_337' title='bbox 242 3716 313 3772; x_wconf 87' lang='lat' dir='ltr'>velis</span> <span class='ocrx_word' id='word_1_338' title='bbox 335 3731 398 3768; x_wconf 87' lang='lat' dir='ltr'>cum</span> <span class='ocrx_word' id='word_1_339' title='bbox 416 3710 545 3767; x_wconf 89' lang='lat' dir='ltr'>Wolfio</span> <span class='ocrx_word' id='word_1_340' title='bbox 567 3711 610 3766; x_wconf 85' lang='lat' dir='ltr'>ita</span> <span class='ocrx_word' id='word_1_341' title='bbox 633 3712 744 3768; x_wconf 84' lang='lat' dir='ltr'>intelle-</span> <span class='ocrx_word' id='word_1_342' title='bbox 798 3728 858 3768; x_wconf 89' lang='lat' dir='ltr'>esse</span> <span class='ocrx_word' id='word_1_343' title='bbox 875 3712 1019 3782; x_wconf 73' lang='lat' dir='ltr'>perspexit</span> <span class='ocrx_word' id='word_1_344' title='bbox 1032 3712 1164 3768; x_wconf 86' lang='lat' dir='ltr'>Scheer.</span> <span class='ocrx_word' id='word_1_345' title='bbox 1182 3713 1212 3767; x_wconf 88' lang='lat' dir='ltr'>in</span> <span class='ocrx_word' id='word_1_346' title='bbox 1230 3713 1300 3766; x_wconf 85' lang='lat' dir='ltr'>Mus.</span> 
     </span>
     <span class='ocr_line' id='line_1_42' title="bbox 239 3781 1302 3856; baseline -0.007 -15"><span class='ocrx_word' id='word_1_347' title='bbox 239 3802 319 3856; x_wconf 81' lang='lat' dir='ltr'>gere,</span> <span class='ocrx_word' id='word_1_348' title='bbox 342 3786 376 3838; x_wconf 85' lang='lat' dir='ltr'>ut</span> <span class='ocrx_word' id='word_1_349' title='bbox 398 3781 435 3837; x_wconf 87' lang='lat' dir='ltr'>sit</span> <span class='ocrx_word' id='word_1_350' title='bbox 457 3783 494 3837; x_wconf 91' lang='lat' dir='ltr'>ad</span> <span class='ocrx_word' id='word_1_351' title='bbox 511 3782 670 3854; x_wconf 79' lang='lat' dir='ltr'>analogiam</span> <span class='ocrx_word' id='word_1_352' title='bbox 687 3783 745 3839; x_wconf 91' lang='lat' dir='ltr'>Ho·</span> <span class='ocrx_word' id='word_1_353' title='bbox 797 3784 933 3838; x_wconf 83' lang='lat' dir='ltr'>Rhenano</span> <span class='ocrx_word' id='word_1_354' title='bbox 952 3783 1043 3838; x_wconf 86' lang='lat' dir='ltr'><strong>XXIV</strong></span> <span class='ocrx_word' id='word_1_355' title='bbox 1065 3802 1093 3855; x_wconf 88' lang='lat' dir='ltr'>p.</span> <span class='ocrx_word' id='word_1_356' title='bbox 1113 3791 1178 3852; x_wconf 76' lang='lat'><strong>626,</strong></span> <span class='ocrx_word' id='word_1_357' title='bbox 1206 3782 1302 3851; x_wconf 87' lang='lat' dir='ltr'>quiet</span> 
     </span>
     <span class='ocr_line' id='line_1_43' title="bbox 239 3852 1301 3924; baseline -0.005 -13"><span class='ocrx_word' id='word_1_358' title='bbox 239 3855 405 3911; x_wconf 85' lang='lat' dir='ltr'>mericorum</span> <span class='ocrx_word' id='word_1_359' title='bbox 423 3854 453 3908; x_wconf 90' lang='lat' dir='ltr'>et</span> <span class='ocrx_word' id='word_1_360' title='bbox 470 3854 639 3924; x_wconf 79' lang='lat' dir='ltr'>tragicorum</span> <span class='ocrx_word' id='word_1_361' title='bbox 653 3871 744 3910; x_wconf 89' lang='lat' dir='ltr'>exem·</span> <span class='ocrx_word' id='word_1_362' title='bbox 799 3854 937 3924; x_wconf 76' lang='lat' dir='ltr'>scriptura</span> <span class='ocrx_word' id='word_1_363' title='bbox 953 3854 1056 3910; x_wconf 81' lang='lat' dir='ltr'>vitiosa</span> <span class='ocrx_word' id='word_1_364' title='bbox 1075 3857 1105 3910; x_wconf 85' lang='lat' dir='ltr'>et</span> <span class='ocrx_word' id='word_1_365' title='bbox 1122 3852 1301 3910; x_wconf 83' lang='lat' dir='ltr'>distinctione</span> 
     </span>
     <span class='ocr_line' id='line_1_44' title="bbox 239 3921 1301 3997; baseline -0.004 -17"><span class='ocrx_word' id='word_1_366' title='bbox 239 3927 350 3997; x_wconf 86' lang='lat' dir='ltr'>plorum</span> <span class='ocrx_word' id='word_1_367' title='bbox 364 3927 399 3994; x_wconf 88' lang='lat' dir='ltr'>(v.</span> <span class='ocrx_word' id='word_1_368' title='bbox 415 3941 438 3980; x_wconf 90' lang='lat' dir='ltr'><strong>c.</strong></span> <span class='ocrx_word' id='word_1_369' title='bbox 452 3925 484 3978; x_wconf 91' lang='lat' dir='ltr'><strong>Il.</strong></span> <span class='ocrx_word' id='word_1_370' title='bbox 499 3926 574 3995; x_wconf 85' lang='lat' dir='ltr'><strong>VIII,</strong></span> <span class='ocrx_word' id='word_1_371' title='bbox 587 3921 745 3995; x_wconf 65' lang='grc' dir='ltr'><em>λοίπἈθη-</em></span> <span class='ocrx_word' id='word_1_372' title='bbox 798 3925 944 3981; x_wconf 79' lang='lat' dir='ltr'>literarum</span> <span class='ocrx_word' id='word_1_373' title='bbox 967 3925 1040 3982; x_wconf 84' lang='lat' dir='ltr'>falso</span> <span class='ocrx_word' id='word_1_374' title='bbox 1064 3925 1157 3995; x_wconf 83' lang='lat' dir='ltr'>posita</span> <span class='ocrx_word' id='word_1_375' title='bbox 1181 3926 1301 3979; x_wconf 79' lang='lat' dir='ltr'>alterum</span> 
     </span>
     <span class='ocr_line' id='line_1_45' title="bbox 240 3989 1301 4067; baseline -0.003 -16"><span class='ocrx_word' id='word_1_376' title='bbox 240 3997 307 4064; x_wconf 83' lang='grc' dir='ltr'><em>ναίη</em></span> <span class='ocrx_word' id='word_1_377' title='bbox 331 4014 360 4050; x_wconf 83' lang='grc' dir='ltr'>τε</span> <span class='ocrx_word' id='word_1_378' title='bbox 385 3989 516 4064; x_wconf 83' lang='grc' dir='ltr'><em>καλἭρη</em></span> <span class='ocrx_word' id='word_1_379' title='bbox 539 3996 674 4067; x_wconf 83' lang='grc' dir='ltr'><em>πληγέντε</em></span> <span class='ocrx_word' id='word_1_380' title='bbox 699 4016 745 4052; x_wconf 82' lang='grc' dir='ltr'>κε·</span> <span class='ocrx_word' id='word_1_381' title='bbox 798 4014 911 4052; x_wconf 85' lang='lat' dir='ltr'>versum</span> <span class='ocrx_word' id='word_1_382' title='bbox 934 3998 1110 4053; x_wconf 73' lang='lat' dir='ltr'>obscuratum</span> <span class='ocrx_word' id='word_1_383' title='bbox 1136 4012 1193 4050; x_wconf 85' lang='lat' dir='ltr'>esse</span> <span class='ocrx_word' id='word_1_384' title='bbox 1215 3995 1301 4062; x_wconf 86' lang='lat' dir='ltr'>ratus,</span> 
     </span>
     <span class='ocr_line' id='line_1_46' title="bbox 241 4063 1301 4140; baseline -0.004 -18"><span class='ocrx_word' id='word_1_385' title='bbox 241 4066 344 4139; x_wconf 77' lang='grc' dir='ltr'><em>ραονῷ.</em></span> <span class='ocrx_word' id='word_1_386' title='bbox 382 4065 744 4138; x_wconf 78' lang='lat' dir='ltr'>ef.Hssi0d.0per.1sa</span> <span class='ocrx_word' id='word_1_387' title='bbox 798 4070 919 4140; x_wconf 86' lang='grc' dir='ltr'><em>παντοίη</em></span> <span class='ocrx_word' id='word_1_388' title='bbox 941 4066 1115 4124; x_wconf 62' lang='lat' dir='ltr'>fortificata</span> <span class='ocrx_word' id='word_1_389' title='bbox 1137 4063 1301 4134; x_wconf 79' lang='grc' dir='ltr'><em>ἀθέσφατοι</em></span> 
     </span>
     <span class='ocr_line' id='line_1_47' title="bbox 240 4135 1274 4208; baseline -0.002 -16"><span class='ocrx_word' id='word_1_390' title='bbox 240 4137 507 4193; x_wconf 84' lang='lat' dir='ltr'>Valcken.Diatr.</span> <span class='ocrx_word' id='word_1_391' title='bbox 516 4157 543 4208; x_wconf 93' lang='lat' dir='ltr'>p.</span> <span class='ocrx_word' id='word_1_392' title='bbox 557 4140 745 4208; x_wconf 74' lang='lat' dir='ltr'>175.‚Fried·</span> <span class='ocrx_word' id='word_1_393' title='bbox 798 4140 953 4195; x_wconf 85' lang='lat' dir='ltr'>Hesiodum</span> <span class='ocrx_word' id='word_1_394' title='bbox 971 4137 1112 4207; x_wconf 84' lang='lat' dir='ltr'>scripsisse</span> <span class='ocrx_word' id='word_1_395' title='bbox 1130 4135 1274 4192; x_wconf 86' lang='lat' dir='ltr'>conclusit.</span> 
     </span>
     <span class='ocr_line' id='line_1_48' title="bbox 240 4203 1301 4281; baseline -0.004 -18"><span class='ocrx_word' id='word_1_396' title='bbox 240 4208 352 4265; x_wconf 89' lang='lat' dir='ltr'>laend.</span> <span class='ocrx_word' id='word_1_397' title='bbox 376 4207 499 4265; x_wconf 83' lang='lat' dir='ltr'>Ariston.</span> <span class='ocrx_word' id='word_1_398' title='bbox 518 4229 545 4280; x_wconf 91' lang='lat' dir='ltr'>p.</span> <span class='ocrx_word' id='word_1_399' title='bbox 564 4213 624 4281; x_wconf 82' lang='grc'>81),</span> <span class='ocrx_word' id='word_1_400' title='bbox 650 4211 745 4267; x_wconf 78' lang='lat' dir='ltr'>confu-</span> <span class='ocrx_word' id='word_1_401' title='bbox 833 4210 868 4265; x_wconf 95' lang='lat' dir='ltr'><strong>V.</strong></span> <span class='ocrx_word' id='word_1_402' title='bbox 888 4215 950 4266; x_wconf 82' lang='lat'><strong>8³1.</strong></span> <span class='ocrx_word' id='word_1_403' title='bbox 987 4203 1067 4271; x_wconf 78' lang='grc' dir='ltr'><em>ῦςτε</em></span> <span class='ocrx_word' id='word_1_404' title='bbox 1090 4210 1210 4262; x_wconf 79' lang='grc' dir='ltr'><em>θεοῖσι</em></span> <span class='ocrx_word' id='word_1_405' title='bbox 1228 4224 1301 4260; x_wconf 86' lang='grc' dir='ltr'><em>σνν-</em></span> 
     </span>
     <span class='ocr_line' id='line_1_49' title="bbox 242 4279 1301 4353; baseline -0.003 -20"><span class='ocrx_word' id='word_1_406' title='bbox 242 4279 375 4350; x_wconf 79' lang='lat' dir='ltr'>giendum</span> <span class='ocrx_word' id='word_1_407' title='bbox 398 4280 452 4336; x_wconf 86' lang='lat' dir='ltr'>erit</span> <span class='ocrx_word' id='word_1_408' title='bbox 474 4282 511 4336; x_wconf 85' lang='lat' dir='ltr'>ad</span> <span class='ocrx_word' id='word_1_409' title='bbox 528 4281 607 4337; x_wconf 90' lang='lat' dir='ltr'>illam</span> <span class='ocrx_word' id='word_1_410' title='bbox 626 4282 745 4353; x_wconf 82' lang='lat' dir='ltr'>figuram</span> <span class='ocrx_word' id='word_1_411' title='bbox 799 4279 909 4353; x_wconf 83' lang='grc' dir='ltr'><em>ιέμεν]</em></span> <span class='ocrx_word' id='word_1_412' title='bbox 932 4281 967 4335; x_wconf 80' lang='lat' dir='ltr'>IL</span> <span class='ocrx_word' id='word_1_413' title='bbox 986 4296 1010 4334; x_wconf 90' lang='lat' dir='ltr'><strong>e.</strong></span> <span class='ocrx_word' id='word_1_414' title='bbox 1030 4294 1155 4334; x_wconf 86' lang='lat' dir='ltr'>sermone</span> <span class='ocrx_word' id='word_1_415' title='bbox 1173 4289 1240 4332; x_wconf 87' lang='lat' dir='ltr'>usus</span> <span class='ocrx_word' id='word_1_416' title='bbox 1258 4279 1301 4331; x_wconf 84' lang='lat' dir='ltr'>est</span> 
     </span>
    </p>
   </div>
   <div class='ocr_carea' id='block_1_5' title="bbox 0 0 1492 4896">
    <p class='ocr_par' dir='ltr' id='par_1_11' title="bbox 0 0 1492 4896">
     <span class='ocr_line' id='line_1_50' title="bbox 0 0 1492 4896; baseline 0 0"><span class='ocrx_word' id='word_1_417' title='bbox 0 0 1492 4896; x_wconf 95' lang='lat' dir='ltr'> </span> 
     </span>
    </p>
   </div>
  </div>
 </body>
</html>
