2892 4902
1128 331 1221 381 XXIII

151 485 221 544 Non
239 484 293 544 uni
311 485 390 543 euim
408 484 462 543 illa
479 484 640 544 tribuenda
654 503 720 544 esse
738 485 824 559 patet
846 486 877 543 01
890 483 986 542 multo
1000 483 1089 557 plura
1101 481 1221 540 nomine

151 575 216 634 eius
239 573 415 632 ferebantur
437 575 516 648 apud
534 575 662 634 veteres.
698 573 735 632 In
752 570 848 652 ἔργοις
869 571 930 632 1001
948 573 1019 631 0001
1028 571 1125 630 multi
1142 568 1219 653 πίνρι

151 661 341 722 venerandae
363 662 526 722 vetustatis
550 661 669 737 signati.
715 661 890 738 Theogonia
915 664 1018 719 autem
1043 663 1075 718 et
1097 658 1222 719 Scutum

152 749 291 810 Herculis
320 753 351 810 et
377 750 507 810 maxima
534 769 605 826 pere
629 769 745 826 eorum,
773 769 900 826 quorum
922 749 1028 808 brevia
1050 749 1222 824 fragmenta

152 841 326 916 supersunt,
350 839 514 899 Homerum
537 843 602 900 toto
624 839 689 898 fere
712 839 831 898 saeculo
853 839 1086 915 subsequuntur.
1122 835 1220 896 Huius

150 928 197 986 rei
214 931 391 1003 argumento
410 932 465 1002 est,
489 929 569 1004 quod
590 928 623 986 iu
644 927 682 987 iis
704 927 807 1002 plures
830 927 966 986 notiones
987 944 1083 986 novae
1101 928 1222 984 exstant

150 1019 184 1075 01
210 1016 393 1076 imitationes
416 1018 550 1078 locorum
570 1016 809 1091 Homericorum,
840 1015 988 1093 imprimis
1015 1018 1167 1074 terrarum
1189 1015 1221 1073 et

150 1106 330 1180 populorum
348 1106 464 1166 auctior
486 1111 517 1165 et
539 1106 716 1181 explicatior
736 1102 871 1164 notitia.“
918 1102 962 1164 Cf.
986 1103 1074 1162 Auel.
1098 1103 1142 1162 lit
1165 1101 1220 1162 ΙΙΙ.

150 1213 179 1268 p.
205 1196 277 1253 274.
323 1194 405 1254 Haec
433 1195 550 1254 cautius
579 1195 660 1254 dicta
688 1197 759 1252 sunt
786 1211 876 1268 quam
904 1211 951 1270 ea,
987 1209 1064 1267 quae
1093 1191 1222 1266 protulit

149 1281 175 1340 I.
197 1282 235 1342 H.
258 1282 413 1343 Vossius
436 1284 533 1360 Epist
556 1284 652 1360 myth.
675 1280 715 1349 II,
741 1283 781 1340 12
806 1284 838 1340 et
859 1279 1031 1357 Antisymb.
1054 1281 1078 1340 I.
1096 1300 1126 1355 p.
1146 1282 1220 1340 289.

150 1368 196 1440 Cf.
234 1371 420 1432 Thiersch.
457 1373 494 1432 de
526 1371 658 1432 Hesiodo
694 1371 726 1429 iu
762 1372 951 1444 commentat
989 1369 1072 1429 acad.
1103 1369 1219 1428 Monac.

149 1477 176 1518 a
203 1461 287 1519 1813
311 1480 340 1535 p.
364 1462 416 1520 20.

444 1622 506 1679 m.
538 1623 588 1678 De
610 1622 721 1692 poetis
743 1621 930 1680 Hesiodete.

240 1723 326 1794 Quod
353 1725 464 1784 nostris
492 1743 609 1800 quoque
635 1719 822 1799 temporibus
850 1723 916 1783 fieri
939 1724 1028 1798 solet,
1056 1725 1166 1801 utqui
1189 1724 1221 1783 in

148 1814 252 1890 alique
283 1815 349 1872 crte
381 1817 413 1873 et
438 1814 584 1873 facultate
617 1814 743 1873 excellat
771 1812 846 1872 alios
878 1813 917 1873 ad
946 1814 1100 1872 tramitem
1132 1832 1220 1872 suum

148 1902 266 1962 alliciat
293 1905 384 1978 atque
413 1921 448 1962 eo
474 1920 601 1979 pergere
629 1901 716 1978 quasi
746 1902 886 1978 instiget,
917 1901 950 1961 id
977 1902 1157 1978 praesertim
1184 1921 1219 1962 eo

148 1993 285 2067 tempore
307 1991 422 2051 factum
441 2009 506 2051 esse
528 1991 685 2067 probabile
703 1993 764 2066 est,
787 2009 846 2066 quo
870 1993 952 2050 artes
975 1991 1063 2066 quusi
1083 1995 1219 2050 recentes

149 2083 295 2157 tanquam
313 2099 349 2140 ex
367 2079 447 2140 Iovis
464 2080 562 2156 capite
575 2080 712 2140 Minerva
725 2079 939 2158 prosiluerunt
971 2079 1020 2139 Sic
1034 2080 1087 2162 qui
1103 2080 1219 2155 primus

149 2169 219 2229 avia
250 2168 434 2228 Pieridum
464 2168 544 2229 loca
570 2169 623 2228 itu
650 2171 882 2244 peragrarat,
914 2171 951 2228 ut
976 2168 1219 2246 intellegentium

150 2257 302 2318 homiuum
326 2257 466 2335 plausum
484 2261 664 2330 mereretur,
687 2258 799 2318 multos
818 2256 959 2316 contiuuo
977 2258 1107 2318 asseclas
1126 2261 1219 2335 atque

150 2348 315 2406 sectatores
338 2345 507 2406 necessario
528 2349 636 2404 neotus
658 2348 713 2404 est.
749 2346 785 2404 In
803 2346 911 2404 horum
928 2364 1052 2406 numero
1070 2345 1218 2420 imprimis

150 2434 307 2492 habendus
330 2437 377 2492 est
395 2433 560 2508 Hesiodus,
583 2433 634 2509 qui
656 2432 771 2508 primus
794 2432 874 2492 iuter
893 2431 1023 2492 Graecos
1046 2433 1218 2510 antiquissi-

150 2540 232 2580 mam
258 2521 492 2596 philosophiam,
520 2521 539 2580 i.
563 2539 588 2580 e.
617 2519 783 2580 doctrinam
811 2521 848 2580 de
871 2519 928 2580 diis
952 2525 984 2580 et
1005 2522 1043 2581 de
1064 2520 1220 2582 bominum

150 2609 231 2684 vito,
249 2609 386 2669 versibus
406 2609 532 2670 heroicis
550 2612 634 2669 certa
646 2609 763 2669 ratione
782 2608 944 2669 tradidisse
961 2609 1132 2684 videbatur,
1151 2629 1220 2671 cum

151 2696 244 2758 ceteri
261 2700 381 2773 poetae,
404 2717 479 2774 quos
497 2718 558 2759 nou
575 2698 676 2774 inepte
699 2698 874 2758 Homericos
898 2698 1022 2774 dixeris,
1046 2700 1128 2759 facta
1150 2702 1219 2760 tau-

150 2792 217 2847 tum
240 2786 430 2864 antiquorum
454 2788 623 2864 temporum
647 2787 788 2848 historica
816 2790 848 2847 et
869 2787 1011 2847 continua
1034 2789 1112 2848 serie
1135 2807 1220 2849 enar-

150 2879 279 2936 rassent.
307 2876 490 2954 ,Hesiodum
516 2880 662 2952 tauquam
690 2877 870 2954 magistrum
897 2879 930 2936 et
955 2876 1107 2937 doctorem
1131 2878 1221 2937 multi

151 2965 205 3024 alii
232 2965 326 3024 secuti
353 2969 437 3038 sunt,
460 2964 512 3040 qui
535 2965 716 3024 didacticum
738 2966 838 3041 poesis
862 2983 956 3042 genus
987 2966 1144 3042 elegerunt
1166 2966 1219 3044 ita,

151 3057 186 3112 ut
208 3054 258 3114 vel
279 3051 357 3112 filios
379 3054 430 3113 vel
451 3056 588 3128 posteros
611 3054 662 3114 vel
685 3054 846 3130 discipulos
870 3054 934 3114 eius
958 3056 1013 3113 aut
1035 3073 1067 3114 se
1094 3055 1154 3130 ipsi
1176 3056 1220 3116 di-

149 3146 265 3215 cerent,
294 3144 349 3202 cut
376 3142 419 3202 sic
446 3142 485 3202 ab
513 3142 580 3202 aliis
609 3142 787 3204 dicerentur.
833 3142 934 3219 Atque
961 3142 1017 3202 filii
1044 3143 1163 3219 quidem
1188 3148 1220 3204 et

149 3231 264 3308 posteri
287 3230 359 3289 dicti
381 3234 453 3291 sunt
468 3249 593 3307 prorsus
610 3232 643 3290 iu
657 3251 726 3292 sum
747 3232 882 3310 modum,
905 3251 964 3307 quo
983 3231 1090 3292 medici
1108 3232 1219 3293 Aescu-

84 3315 89 3324 '
150 3320 224 3395 lepti
246 3319 302 3378 lilii
329 3312 520 3399 (Ἀσκληπιοῦ
547 3311 679 3400 παῖδες),
708 3321 877 3380 sacerdotes
909 3317 1013 3400 ἱερέων
1034 3321 1140 3394 παῖδες
1172 3341 1218 3382 00-

150 3408 266 3484 pientes
289 3410 394 3483 σοφῶν
416 3407 535 3485 παῖδες,
558 3409 747 3485 grammatici
769 3411 977 3490 γραμματικῶν
998 3408 1118 3486 παῖδες,
1141 3410 1218 3470 dice-

150 3498 275 3571 bantur,
299 3500 330 3556 et
352 3517 410 3573 quo
433 3496 533 3574 ipsum
551 3499 706 3557 oraculum
723 3497 903 3574 Delphicum
921 3491 1093 3579 (Thucyd.
1107 3499 1144 3574 V,
1162 3492 1217 3580 16)

149 3578 181 3645 τὸ
210 3582 323 3664 σπέρμα
350 3586 426 3645 dixit
450 3605 505 3662 pro
533 3578 682 3670 ἆπογόνρο.
727 3587 764 3645 10
795 3588 903 3646 horum
933 3605 1058 3647 numero
1089 3587 1218 3648 fortasse

152 3671 305 3749 Cercops
324 3675 396 3752 fuit3
414 3693 484 3733 uam
502 3675 579 3734 illud
597 3675 769 3751 Diogenis
788 3675 949 3752 L.11‚4c:
968 3672 1100 3753 Κέρκωψ
1118 3673 1217 3753 ipsio-

149 3760 239 3821 νείκει
266 3754 396 3844 Ἡσιόδῳ
430 3763 530 3839 ζῶντι,
560 3757 761 3841 τελευτήσαντι
793 3759 826 3823 δὲ
857 3757 1047 3842 Ξενοφάνης,
1082 3783 1142 3824 nou
1173 3765 1218 3826 ita

149 3850 388 3927 intellegendum
410 3855 457 3912 est
479 3871 546 3912 cum
569 3851 778 3912 Woellnero
802 3852 839 3912 de
862 3854 944 3929 cyclo
967 3873 996 3929 p.
1017 3855 1072 3928 50,
1095 3857 1131 3913 ut
1148 3853 1218 3914 Cer-

150 3958 255 4015 copem
278 3939 472 4000 Homeridam
498 3941 592 4000 fuisse
620 3945 802 4018 statuamus,
831 3941 884 4001 sed
910 3942 955 4001 ita
981 3960 1013 4002 se
1037 3942 1217 4018 applicuisse

150 4027 319 4088 Hesiodeae
341 4029 425 4104 poesi
442 4023 484 4110 (v.
507 4029 639 4089 Welolr.
668 4029 750 4107 Gycl
769 4048 816 4106 ep.
837 4051 867 4107 p.
882 4021 971 4112 270),
1001 4034 1037 4089 ut
1057 4030 1090 4090 in
1113 4031 1218 4090 eodem

149 4136 260 4194 genere
288 4118 388 4194 poesis
421 4117 595 4178 excelluisse
626 4121 717 4194 atque
741 4119 815 4178 sdeo
840 4119 976 4194 superior
997 4119 1091 4179 fuisse
1115 4138 1218 4179 secuu-

148 4206 222 4266 dum
258 4206 446 4284 quorundam
487 4206 656 4283 opinionem
691 4208 843 4284 putandus
880 4208 926 4268 sit.
978 4205 1081 4268 00110
1101 4208 1217 4283 primus

151 4294 361 4372 Terpander
386 4294 457 4372 fuit,
482 4294 519 4353 de
542 4314 600 4371 quo
620 4295 728 4355 Suidcs
747 4295 830 4356 dicit:
855 4294 886 4356 ol
902 4291 934 4355 δὲ
952 4288 1103 4376 ἀπόγονον
1116 4288 1218 4356 Ἦοιό-
1255 4338 1256 4342 ,
