2892 4902
1134 325 1234 372 XXXV

168 473 249 532 esset
272 463 332 550 (cf,
350 473 386 530 ut
403 471 460 530 hoc
479 471 613 547 exemplo
632 471 711 548 utar,
734 471 851 547 Etym.
874 470 915 531 M.
937 490 966 546 p.
991 471 1042 540 38,
1068 463 1133 551 14).
1170 471 1233 532 Nec

165 579 183 620 a
205 561 319 620 Boeoto
347 559 515 635 profectum
542 578 607 620 erse
635 562 736 635 potest
760 558 970 618 Calendarium
998 563 1122 636 propter
1148 561 1234 620 fabu-

165 651 228 708 lam
247 649 283 708 de
301 648 443 724 Apolline
461 651 533 708 nato
552 649 599 708 die
618 648 745 724 septima
765 648 974 725 Thargelionis
998 649 1109 708 mensis
1129 643 1233 728 (Oper.

166 729 255 816 771),
279 755 356 814 quae
379 739 417 797 ad
440 737 552 814 DelicS,
575 756 635 798 non
654 738 692 796 ad
709 737 839 798 Boeotos
863 737 995 813 pertinet
1018 731 1059 819 (v.
1083 737 1233 798 Valcke-

164 845 237 886 ner.
267 827 306 885 ad
335 826 469 887 Aristob.
498 847 527 902 p.
560 828 632 886 113.
663 826 830 888 Mueller.
859 826 930 886 Dor.
958 827 983 885 Ι.
1010 846 1039 902 p.
1068 828 1141 888 309.
1188 826 1234 888 of.
1282 887 1287 893 ,

164 915 315 975 Loheclr.
339 916 488 993 Aglaoph.
511 936 539 992 p.
559 907 680 995 43421).
727 913 903 976 Calendario
924 934 994 975 vero
1014 916 1095 974 aliud
1113 934 1235 976 carmon

163 1005 236 1064 olim
259 1005 409 1064 adiectum
430 1005 538 1082 trisse,
558 998 638 1081 Ἔπη
667 997 792 1081 perrenni
821 1004 884 1064 sive
905 997 1169 1082 Ὀρνιθομαντείαν
1191 1004 1234 1064 di-

163 1096 244 1152 ctum
268 1086 341 1173 (nisi
368 1095 443 1154 hacc
470 1085 643 1173 differunt),
671 1095 775 1152 auctor
804 1094 852 1152 est
873 1091 1052 1169 Anonymus
1082 1093 1120 1152 ad
1144 1093 1232 1170 Oper.

164 1184 242 1242 824:
275 1177 388 1254 τούτοις
421 1179 453 1242 δὲ
484 1176 630 1262 ἕποὶγουσί
659 1202 736 1252 τινες
767 1173 823 1259 τὴν
843 1174 1119 1260 Ὀρνιθομαντείαν,
1146 1176 1232 1242 ἅτινα

159 1263 355 1343 Ἀπολλώνιος
384 1265 401 1332 ὁ
428 1263 541 1343 Ῥόδιος
572 1265 680 1332 ἀθετεῖ.
726 1271 832 1346 Neque
862 1271 940 1329 hanc
967 1274 1085 1346 partem
1111 1272 1232 1332 novisse

83 1367 90 1386 ⁸
162 1360 283 1422 videtur
306 1360 456 1420 Lucienus
482 1351 580 1442 (Arei.
603 1380 652 1440 πρ.
671 1351 839 1440 Ἡσίοδον).
884 1358 999 1419 Dahis
1023 1359 1232 1436 similibusque

163 1450 376 1510 additamentis
399 1450 603 1526 intellegenda
627 1451 714 1508 erant
735 1448 829 1508 verba
851 1448 1002 1507 Pausan.
1025 1448 1076 1526 IX,
1102 1451 1157 1508 31:
1181 1446 1233 1508 καὶ

161 1531 217 1598 ὅσα
240 1535 288 1598 ἐπὶ
311 1536 406 1619 ἔργοις
428 1559 457 1598 τε
479 1535 530 1598 καὶ
552 1530 681 1617 ἡμέραις.
727 1536 786 1596 Sed
809 1536 898 1596 etiam
922 1538 1038 1596 ceterae
1061 1540 1175 1612 partes,
1200 1539 1232 1596 in

163 1629 272 1703 quihus
296 1628 397 1687 Parsis
416 1627 528 1686 mentio
552 1646 612 1686 non
635 1626 775 1703 iniicitur,
799 1644 852 1685 suo
875 1625 1021 1701 peculiari
1043 1625 1133 1684 titulo
1157 1645 1230 1703 gau·

164 1717 288 1791 dehant3
321 1717 419 1774 altera
442 1708 483 1796 (v.
506 1718 548 1774 42
574 1707 649 1795 seq.)
682 1708 835 1794 Πανδώρα
863 1715 913 1774 vel
941 1713 1102 1793 Πιθοιγία,
1135 1715 1231 1774 altera

164 1797 371 1886 (109-201)
398 1803 617 1884 Λαιμονολογία
644 1803 804 1880 aliquoties
833 1822 851 1862 a
882 1802 1087 1879 grammaticis
1111 1802 1228 1864 dicitur.

162 1894 255 1954 Porro
279 1897 441 1970 praccepta
462 1894 499 1953 de
522 1893 738 1969 agricolatione
765 1911 784 1952 a
811 1892 972 1952 Lucieno
995 1891 1073 1952 Dial.
1097 1893 1134 1951 de
1157 1892 1229 1952 Hes.

162 2002 186 2043 c.
211 1988 227 2042 1
254 1985 394 2044 dicuntur
412 1979 607 2062 Παραινέσεις
629 1982 794 2062 γεωργικοί,
817 1981 855 2040 ab
877 1980 1131 2057 Aristophane
1154 1981 1231 2042 Rau.

165 2075 249 2133 1034
280 2075 335 2153 γῆς
364 2069 511 2153 ἐργασίαι,
542 2075 634 2150 atque
661 2072 694 2130 in
721 2071 768 2130 his
798 2070 919 2147 quidem
946 2073 1070 2149 καρπῶν
1102 2057 1176 2149 ὧραι
1199 2071 1231 2129 et
1328 2125 1331 2132 .

161 2156 270 2240 iiqorou
316 2162 382 2221 Iam
410 2163 435 2222 si
461 2163 646 2238 interrogas,
674 2179 728 2220 cur
754 2160 824 2220 huic
852 2158 1017 2220 carminum
1041 2159 1230 2219 diversorum

162 2250 331 2310 collectioni
345 2244 464 2330 Ἔργων
482 2269 591 2310 nomen
608 2250 738 2308 inditum
756 2249 805 2322 sit,
827 2248 955 2308 maxime
973 2248 1005 2307 id
1027 2248 1141 2308 factum
1164 2267 1230 2308 esse

162 2339 228 2414 quis
252 2339 390 2399 coniiciat
408 2342 533 2414 propter
554 2359 582 2398 r.
603 2339 788 2413 383-617,
812 2336 920 2413 quibus
945 2339 981 2396 de
1004 2356 1078 2414 agro
1108 2337 1229 2396 colendo

161 2428 273 2504 agitur.
318 2427 385 2486 Huc
413 2426 492 2485 enim
519 2426 670 2484 referendi
693 2429 764 2484 sunt
786 2424 970 2484 Plutarch.
999 2425 1088 2485 Thes.
1118 2428 1150 2484 3:
1181 2423 1230 2507 οἵᾳ

163 2506 284 2594 (σοφία)
313 2508 495 2592 χρησόμενος
519 2507 658 2584 Ἡσίοδος
689 2506 838 2590 εὐδοκίμει
867 2505 990 2590 μάλιστα
1019 2509 1086 2590 περὶ
1115 2506 1167 2585 τὰς
1197 2511 1230 2572 ἐν

161 2607 223 2675 τοῖς
244 2598 365 2682 Ἔργοις
397 2601 608 2683 γνωμολογίας.
654 2602 837 2660 Lucienus
867 2600 945 2660 Dial.
975 2601 1012 2661 de
1040 2601 1111 2660 Hes.
1141 2619 1164 2661 c.
1195 2604 1228 2660 1:

161 2689 202 2752 ἔτι
225 2687 258 2750 δὲ
280 2694 431 2772 γυναικῶν
453 2685 559 2771 ἀρετὰς
581 2687 632 2750 καὶ
653 2686 841 2769 παραινέσεις
863 2683 1034 2770 γεωργικάς.

249 2781 295 2840 Ac
317 2781 432 2857 primus
457 2781 586 2858 quidem,
611 2780 663 2857 qui
685 2779 839 2840 variorum
862 2779 1029 2838 carminum
1052 2782 1174 2839 suturas
1196 2779 1229 2838 in

161 2888 284 2946 corpore
304 2865 424 2950 Ἔργων
452 2871 606 2929 declarare
636 2872 811 2942 conaretur,
846 2867 1075 2928 Twcstenius
1108 2868 1167 2928 fuit
1197 2869 1229 2927 in

160 2959 409 3019 commentatione
437 2959 540 3019 critica
568 2959 604 3018 de
627 2958 758 3018 carmine
771 2957 918 3034 Hesiodi,
947 2958 1028 3033 quod
1054 2957 1229 3016 inscribitur

161 3047 261 3124 Opera
285 3051 317 3108 ct
338 3048 419 3108 Dies.
464 3048 494 3108 Is
523 3051 610 3107 acute
633 3047 769 3124 quidem,
793 3046 960 3106 Heinrichii
982 3045 1121 3122 vestigiis
1145 3039 1229 3123 (Elpi-

160 3137 269 3197 menid.
297 3157 325 3212 p.
356 3130 434 3218 157)
456 3136 614 3211 insistens,
643 3136 744 3196 varias
767 3135 955 3196 recensiones
980 3134 1095 3194 detexit
1117 3135 1228 3210 saepis-

161 3227 295 3303 simeque
309 3244 377 3285 cum
395 3225 509 3302 optimo
529 3243 669 3285 successu
687 3225 784 3283 multa
802 3244 861 3283 non
880 3224 1039 3283 cohaerere
1056 3223 1089 3282 in
1103 3222 1229 3284 Hesiodi

159 3315 291 3374 carmine
319 3314 544 3374 demonstravit.
590 3313 716 3381 Secutus
746 3315 793 3372 est
816 3311 1012 3389 Spohnius,
1040 3312 1146 3388 quiin
1169 3313 1229 3372 edi-

158 3403 241 3466 tione
262 3403 397 3480 ¹Operum
425 3403 486 3462 alia
512 3403 658 3480 quaedam
686 3403 766 3461 notis
795 3401 906 3460 criticis
930 3401 1079 3461 enodavit
1125 3399 1229 3460 Simile

161 3491 320 3552 consilium
337 3495 443 3568 postca
461 3491 580 3567 aperuit
599 3490 840 3550 Thiarschius
863 3491 895 3549 in
918 3490 1167 3549 commentatione
1190 3489 1227 3548 de

236 3736 280 3800 21)
308 3733 367 3788 Has
396 3731 563 3802 Gocttlingii
590 3748 688 3786 causas
715 3731 883 3800 redarguere
910 3728 1033 3784 tentavit
1061 3728 1228 3785 Steitaius

159 3803 178 3857 l.
200 3803 218 3858 l.
244 3819 271 3872 p.
297 3810 347 3858 172
371 3821 429 3872 seq.
466 3803 553 3862 Recte
581 3803 655 3858 enim
681 3801 724 3857 vir
751 3802 850 3855 doctus
877 3800 1031 3870 perspexit,
1058 3801 1228 3856 Pausaniam

158 3873 307 3929 brevitatis
326 3891 410 3930 causa
428 3889 540 3930 carmen
554 3873 723 3930 Heeiodeum
736 3867 825 3940 Ἔργα
844 3888 953 3940 vocare,
972 3871 1039 3925 dum
1058 3871 1150 3926 eidem
1170 3888 1228 3926 car·

161 3944 236 4000 mine
251 3944 298 4014 IX,
317 3951 360 4014 31,
379 3951 395 3999 5
415 3962 517 4001 nomen
530 3941 639 4014 Ἔργων
657 3943 708 4000 καὶ
722 3939 848 4013 Ἡμερῶν
866 3942 1006 3998 tribuerit.
1043 3943 1141 4011 Neque
1161 3959 1226 3997 vero

160 4016 315 4086 quidquam
339 4033 421 4072 versu
442 4015 583 4086 Aristoph.
605 4017 675 4072 Ran.
700 4019 769 4069 1034
786 4014 915 4083 probari,
940 4030 995 4082 quo
1014 4013 1077 4068 loco
1096 4013 1121 4067 si
1139 4013 1227 4068 totius

161 4087 291 4142 carminis
306 4087 438 4142 Hesiodei
451 4089 647 4156 argumentum
662 4085 815 4153 afferretur,
835 4084 887 4138 soli
907 4083 1030 4154 Operum
1044 4103 1070 4139 v.
1085 4090 1226 4138 asa-61⁷

158 4175 209 4229 pro
219 4158 348 4229 genuinis
362 4157 486 4212 habendi
500 4162 599 4214 essent.
619 4157 780 4228 Apollinem
795 4157 890 4210 autern
900 4154 1021 4225 septima
1031 4155 1227 4225 Thargelionis

158 4230 260 4287 mensis
279 4230 324 4286 die
350 4231 448 4284 natum
471 4229 556 4284 etiam
574 4229 748 4298 Delphorum
767 4227 866 4281 incolis
890 4243 1056 4295 persuasum
1073 4226 1160 4280 fuisse
1178 4225 1226 4280 do-

159 4303 278 4356 cueruut
296 4301 448 4356 Schocm.
467 4316 512 4370 op.
530 4300 578 4355 ΙΙΙ.
597 4320 624 4370 p.
646 4305 688 4356 25.
725 4297 860 4353 Prellcr
878 4297 968 4366 Myth.
988 4296 1035 4353 Gr.
1054 4297 1074 4350 I.
1093 4315 1122 4364 p.
1142 4301 1202 4353 187.

977 4385 1012 4439 0*
