2938 4892
216 225 281 290 280
664 227 834 281 Ηειοοου

313 377 403 447 Ούδὲ
426 380 489 467 μὲν
510 378 531 467 ἡ
555 379 668 468 πρύτη
693 383 768 467 ἕκτη
791 381 933 468 κούρῃσι
956 379 1117 466 γενέσθαι
1239 399 1299 448 785

217 485 378 572 ἀρμενος,
402 481 477 553 ἀλλ’
504 488 642 573 ἐρίφους
663 484 803 572 τάμνειν
825 486 881 552 καὶ
903 483 995 553 πόεα
1018 485 1152 573 μήλων,

218 589 323 677 σηκόν
346 587 376 657 τ’
402 588 606 678 ἀμφιβαλεῖν
628 589 810 677 ποιμνήϊον
833 589 935 678 ἤπιον
958 583 1067 679 ἦμαρ·

217 694 323 782 ἐσθλὴ
348 693 379 763 δ’
405 693 629 783 ἀνδρογόνος·
653 697 759 783 φιλέει
780 698 820 763 δέ
840 722 875 764 κε
896 699 1041 784 κέρτομα
1062 696 1193 784 βάζειν,

216 799 344 883 ψεύδεά
366 798 405 868 δ’
431 804 608 889 αἱμυλίους
630 828 665 870 τε
687 801 811 888 λόγους
832 807 999 889 κρυφίους
1020 801 1049 871 τ’
1076 801 1271 890 ὀαρισμούς.

311 975 435 1064 Μηνὸς
458 977 490 1044 δ’
516 977 661 1066 ὀγδοάτῃ
684 977 816 1067 κάπρον
838 980 894 1046 καὶ
915 984 1003 1066 βοῦν
1027 981 1189 1068 ἐρίμυκον
1237 998 1292 1047 290

218 1086 400 1173 ταμνέμεν,
423 1082 549 1174 οὐρῆας
572 1084 610 1152 δὲ
634 1085 826 1173 δυωδεκάτῃ
850 1086 1063 1174 ταλαεργούς.

306 1260 427 1330 Είκάδι
451 1256 546 1328 δ”έν
568 1259 708 1349 μεγάλῃ,
730 1263 820 1353 πλέφ
843 1260 954 1350 ἤματι,
978 1270 1095 1350 δστορα
1119 1267 1216 1350 φῶτα

216 1373 411 1456 γείνασθαι·
434 1366 522 1454 μάλα
545 1367 610 1455 γάρ
633 1393 667 1436 τε
692 1366 775 1436 νόον
797 1372 1050 1456 πεπυκασμένος
1073 1375 1174 1437 ἔσται.
1236 1389 1238 1392 ’

304 1542 429 1631 Ἐσθλὴ
454 1541 488 1609 δ’
514 1541 724 1630 ἀνδρογόνος
747 1544 882 1630 δεκάτη,
912 1544 1031 1642 [κούρῃ
1055 1547 1095 1613 δέ
1114 1571 1149 1613 τε
1172 1542 1289 1632 τετράς

218 1653 337 1740 μέσση.Ι
368 1654 409 1739 τῇ
433 1652 473 1718 δέ
492 1677 527 1718 τε
550 1654 638 1736 μῆλα
660 1651 716 1717 καὶ
739 1654 910 1731 εἰλίποδας
933 1653 1042 1731 ἕλικας
1063 1655 1164 1738 βοῦς,
1234 1669 1286 1719 796

289 1845 323 1900 V.
344 1849 405 1900 785.
442 1839 588 1914 κούρῃσι
611 1843 798 1915 γενέσθαι]
828 1844 948 1900 ὃίοῊ.
973 1845 1030 1900 alii.
1073 1844 1128 1901 sed
1150 1844 1286 1900 M5.V1.

219 1915 251 1973 G.
271 1911 361 1986 κούρῃ
379 1933 410 1969 τε
429 1913 575 1983 γενέσθαι.
610 1915 670 1970 'Alii
691 1916 775 1970 multi
797 1913 887 1987 κούρῃ
910 1914 943 1971 δὲ
962 1915 1114 1985 wewam
1138 1915 1203 1972 vm.
1222 1913 1288 1970 κού-

220 2004 283 2058 ρῃσι
302 1984 334 2040 δὲ
354 2005 379 2054 γ.
399 2015 434 2026 -
451 1983 542 2053 άέκτη
560 1985 602 2040 Fl.

288 2056 323 2111 V.
344 2061 404 2113 788.
441 2056 495 2110 Pro
519 2053 612 2124 φιλέει
631 2055 663 2111 δέ
682 2076 712 2111 τε
731 2057 790 2112 Me.
809 2057 870 2112 Me.
887 2055 951 2112 Par.
975 2056 1070 2127 φιλέοι
1088 2055 1122 2112 δέ
1140 2076 1187 2126 κε,
1211 2058 1286 2126 quod

217 2143 309 2216 recep.
332 2126 471 2251 Koeclllll.
496 2156 529 2166 -
557 2124 662 2197 κέρδεα
685 2145 736 2198 pro
759 2127 882 2198 κέρτομα
905 2129 962 2184 Vl.
988 2127 1095 2198 κέρδεα
1118 2128 1180 2182 Par.
1209 2129 1287 2196 ml,

218 2218 250 2254 κε
270 2217 301 2252 το
359 2217 397 2253 m.
444 2238 450 2250 .

253 2219 268 2268 ρ
317 2275 403 2325 .791.
440 2264 636 2338 ταλαάεργούς
653 2269 695 2323 FL

291 2339 324 2396 V.
346 2346 407 2395 792.
444 2340 542 2409 ἴστορα
565 2340 625 2396 Me.
648 2340 708 2394 Me.
732 2339 794 2394 Per.
813 2345 830 2394 3
849 2339 885 2393 el.
930 2339 973 2394 De
1000 2339 1100 2410 peilosi
1122 2340 1240 2396 Aeolica
1261 2359 1288 2395 v.

218 2409 338 2466 Rzaeh.
357 2411 431 2467 niel.
451 2416 511 2466 360.
547 2410 669 2478 ,Ρίστορα
687 2410 729 2464 ΕἸ.
938 2411 940 2417 ’
1295 2427 1298 2430 ·

289 2482 323 2537 V.
344 2488 405 2539 793.
437 2481 515 2536 Unus
533 2497 549 2536 e
568 2481 633 2536 Vat.
652 2483 682 2536 et
699 2479 755 2534 Vl.
775 2482 916 2550 γίνεσθαι,
934 2482 989 2536 duo
1004 2483 1162 2549 γελνεσδαι.
1180 2513 1213 2522 -
1232 2482 1289 2536 Pro

218 2551 436 2677 ῃειῃυκασμίνος
458 2551 515 2606 Vl.
535 2558 559 2606 2.
579 2552 616 2607 el.
639 2549 827 2621 πεπνυμένος.
870 2549 967 2606 ἔσται
990 2569 1006 2607 ο
1029 2552 1100 2607 coni.
1122 2553 1165 2606 ΕΙ.
1203 2553 1286 2622 Vulg.

234 2639 302 2679 στν,
1081 2675 1083 2678 ,

290 2693 403 2749 Ὴθιλ.
440 2689 608 2763 κούρῃδέ
631 2711 666 2747 τε
689 2687 827 2762 τετράς]
866 2691 1164 2748 sicM5.Vat.v1.
1196 2693 1235 2748 st.
1259 2695 1288 2748 et

217 2764 301 2818 multi
324 2763 374 2819 elii
392 2763 473 2819 codd.
510 2763 568 2816 Alii
591 2759 680 2834 κούρῃ
703 2760 736 2818 δέ
754 2760 862 2830 τετρὰς.
903 2760 1022 2834 κούρῃσι
1046 2763 1078 2819 δέ
1098 2785 1135 2834 π,
1159 2764 1236 2834 quod
1259 2764 1290 2817 in

218 2834 421 2959 receissioribue
439 2833 612 2960 εῃδίλλὶοοίλτὶιρ1
628 2834 744 2904 legitur,
764 2833 819 2888 duo
838 2834 947 2889 codices
966 2835 1079 2889 habent.

317 2910 403 2962 .795.
467 2902 559 2967 ἑικας
613 2946 619 2958 .

253 3081 287 3137 V.
307 3086 367 3136 785.
407 3079 468 3135 Ηοο
486 3080 533 3135 die
550 3080 642 3136 Diana
658 3082 727 3135 nata
780 3079 855 3152 πλέῳ
878 3075 965 3150 ἤματι
987 3079 1075 3149 igitur
1098 3083 1142 3136 eet
1164 3081 1225 3136 dies
1250 3083 1289 3137 vi-

219 3153 262 3206 est
281 3150 431 3206 seeundum
449 3150 556 3216 Delios;
576 3170 602 3206 v.
621 3150 726 3222 Apol·
780 3150 899 3205 emimus
913 3151 972 3205 eius
990 3151 1102 3219 mensis,
1120 3151 1151 3206 in
1170 3168 1228 3222 quo
1247 3154 1293 3208 eet

217 3222 322 3277 lodor.
349 3221 423 3292 apud
442 3219 559 3292 Diogen.
578 3221 671 3276 Laeti.
690 3222 725 3289 11,
779 3219 839 3275 dies
857 3222 923 3276 anni
937 3221 1126 3290 longIesimus,
1145 3218 1227 3286 ελκὰς
1240 3242 1289 3295 με·

218 3298 244 3363 5,
263 3299 306 3347 23.
779 3286 852 3360 γάλη
874 3292 948 3346 idem
974 3292 1046 3360 dies,
1070 3293 1119 3347 sed
1142 3292 1172 3346 in
1190 3294 1289 3349 triete-

252 3362 287 3420 V.
308 3369 367 3420 788.
401 3359 534 3433 φιλέει]
556 3361 609 3428 Qui
628 3379 661 3418 eo
680 3363 725 3417 die
779 3358 840 3416 ride
858 3375 879 3418 ε,
899 3379 972 3417 anno
990 3379 1106 3432 megum
1124 3381 1151 3418 v.
1166 3364 1292 3420 Ideler.

217 3451 287 3506 puer
305 3436 388 3489 natus
407 3436 458 3489 est.
780 3433 801 3487 I.
815 3451 844 3502 p.
858 3439 932 3490 269„
948 3433 1026 3487 Idem
1044 3434 1145 3489 statuit
1158 3435 1292 3490 Lenne·

252 3505 287 3562 V.
307 3512 367 3561 792.
414 3500 530 3560 εἰκάδι
554 3499 583 3558 δ’
609 3498 645 3558 έν
668 3523 726 3574 με·
780 3503 864 3572 pius.
888 3535 922 3544 —
952 3505 1069 3573 ἴστορα
1098 3505 1194 3573 φῶτα
1220 3509 1289 3574 γεί-

218 3575 316 3648 γάλῃ,
352 3576 441 3649 πλέῳ
479 3572 600 3647 ἤματι]
644 3574 726 3628 Diem
780 3573 926 3644 νασθαι]
963 3574 1189 3629 Hermennus:
1227 3577 1291 3631 hoe

218 3648 316 3702 XXIX
340 3665 399 3703 esse
419 3664 482 3702 eum
501 3645 617 3702 Heinsio
643 3645 727 3714 putat
780 3644 835 3698 die
858 3646 971 3700 cetum
993 3644 1103 3699 virum
1128 3661 1290 3714 procree-

217 3718 398 3788 Spohnius.
439 3716 584 3784 Proelus
608 3716 726 3771 eamob
780 3713 846 3782 bie,
874 3715 1109 3785 quemadmodum
1131 3715 1290 3771 Procius:

217 3795 331 3842 caueam
353 3785 478 3858 μεγάλην
501 3785 598 3842 audire
616 3782 669 3856 τὴν
687 3787 725 3840 εἰ·
780 3780 892 3853 ἀριστος
915 3782 948 3840 δὲ
970 3785 1020 3840 κοιλ
1041 3786 1201 3853 πολυίστωρ
1221 3783 1237 3841 ὁ
1258 3783 1289 3842 ἐν

217 3853 293 3912 κάδοι
319 3858 401 3926 dicit,
431 3860 506 3928 quod
530 3874 563 3912 ea
590 3857 726 3912 maiorem
778 3850 869 3925 ταύτῃ
879 3851 1049 3926 τιννύμενος,
1060 3857 1180 3924 uterque
1189 3857 1290 3912 laude·

218 3928 326 3982 dierum
340 3945 488 3982 numerum
501 3929 531 3983 in
545 3943 724 3983 mensecom-
778 3927 824 3979 tus
856 3941 874 3978 a
902 3925 1084 3996 Lennepio.
1151 3926 1290 3982 Similiter

216 3999 365 4068 plectatur.
410 3998 466 4053 Sed
496 3997 570 4069 μέγα
598 4015 662 4053 eum
691 3997 725 4052 de
780 3995 1029 4070 Goettlingius:
1049 3995 1108 4064 „Eo
1127 3996 1173 4052 die
1193 4001 1289 4054 cetum

216 4073 344 4139 tempore
362 4071 499 4138 usurpant
517 4067 632 4136 Graeci,
652 4084 724 4122 sem·
779 4065 870 4120 virum
889 4067 970 4122 decet
986 4067 1156 4137 progignere
1175 4086 1289 4137 pueros.

216 4157 266 4208 per
294 4140 390 4195 orbem
419 4140 558 4209 quendam
590 4138 725 4206 temporie
778 4137 852 4190 Nam
872 4138 921 4206 qui
939 4155 973 4192 eo
991 4137 1037 4192 die
1050 4138 1132 4191 natus
1147 4143 1192 4192 est
1209 4139 1289 4209 inge-

217 4210 382 4279 ampliorem
425 4210 572 4281 signifieat.
635 4205 725 4270 Ελιιάς
778 4207 826 4261 nio
844 4208 935 4276 pollet
952 4208 1124 4278 praeolaro.“
