2958 4896
541 319 652 370 narra
670 317 906 372 nennnnorn.
1201 317 1266 382 129

189 472 233 556 ὃς
250 469 424 563 προλιπὼν
443 470 608 559 σφέτερόν
626 498 661 541 τε
681 471 788 560 δόμον
809 473 990 562 σφετέρους
1007 500 1042 542 τε
1060 476 1181 561 τοκῆας
1225 493 1265 542 90

188 580 310 675 ᾤχετο,
333 577 483 667 τιμήσων
507 575 710 666 ἀλιτήμενον
733 577 934 667 Εὐρυσθῆα,

193 689 358 774 σχέτλιος·
380 677 402 771 ή
426 706 492 752 που
515 681 622 753 πολλὰ
646 685 919 773 μετεστοναχίζεό
945 684 1074 756 ὀπίσσω

189 789 238 880 ἢν
262 790 347 878 ἅτην
370 789 493 877 ἀχέων·
515 787 536 877 ή
562 787 593 857 d'
620 787 662 858 οὐ
686 789 928 879 παλινάγρετός
950 795 1051 862 ἐστιν.

188 896 301 986 αὐτὰρ
325 899 399 985 ἐμοὶ
423 901 554 985 δαίμων
578 895 745 984 χαλεπούς
768 896 942 966 ἐπετέλλετ’
967 896 1122 981 ἀέθλους.

189 998 223 1074 ai
247 1011 357 1095 φίλος,
380 1002 465 1072 νἰλλόι
489 1003 532 1073 σὺ
554 1007 688 1072 θᾶσσον
712 1002 754 1091 ἔχ’
780 1001 860 1090 ἡνία
883 1005 1099 1092 φοινικόεντα
1230 1029 1267 1079 95

267 1221 301 1275 V.
325 1227 368 1274 91.
410 1215 631 1289 ἀλιτήμενον]
671 1217 717 1274 Sic
745 1218 826 1274 codd.
855 1234 951 1274 omnes
979 1221 1091 1288 praeter
1118 1221 1189 1291 Mu,
1217 1223 1267 1292 qui

188 1290 283 1347 ¹hahet
297 1286 469 1361 ἄλιτήμηνον
488 1289 562 1357 (Par.
578 1307 622 1359 ep.
637 1289 740 1344 Ranh.
760 1284 939 1359 ἄλιτίμενον).
973 1289 1028 1344 Sed
1046 1291 1137 1346 fateor
1150 1309 1268 1362 mugno-

188 1380 261 1432 pere
284 1361 356 1417 mihi
382 1362 495 1432 placere
518 1359 708 1416 coniecturam
737 1360 856 1416 Guieti
884 1355 1067 1430 ἅλιτήμερον,
1096 1363 1130 1418 de
1159 1381 1216 1432 qua
1239 1384 1265 1420 v.
1339 1371 1344 1381 '

192 1434 307 1489 Herm.
332 1433 395 1489 add.
424 1433 461 1487 ed
485 1431 593 1488 Schaef.
618 1431 683 1487 edit.
707 1432 790 1502 areg.
815 1449 842 1501 p.
863 1438 923 1487 879.
964 1433 1037 1487 Nam
1060 1434 1214 1490 Bentleii
1237 1439 1268 1491 et

190 1504 320 1575 :Heynii
348 1502 507 1558 emendatio
534 1497 686 1572 Εόρνοθή’
715 1497 886 1572 ἠλιτόμηνον
907 1503 967 1558 iure
990 1505 1141 1573 reprobata
1164 1507 1207 1562 est
1225 1508 1262 1561 ab

191 1577 389 1630 Hermanno
412 1576 443 1630 et
464 1573 632 1629 Bokkero.
668 1568 851 1643 Ἠλιτόμηνος
869 1574 913 1628 est
932 1570 1148 1644 ἕπταμηνιαῐος,
1172 1577 1264 1646 quahs

193 1663 260 1702 vere
278 1647 370 1701 factus
390 1649 434 1701 est
450 1645 623 1713 Eurystheus
648 1644 691 1714 (Il.
711 1645 789 1712 XIX,
810 1647 882 1714 118.)
902 1661 919 1698 a
936 1644 1054 1712 Iunone,
1073 1663 1107 1701 ne
1127 1647 1262 1702 Hercules

190 1717 271 1788 prior
289 1718 350 1773 diae
367 1715 481 1771 luminis
500 1733 581 1770 auras
600 1715 757 1786 respiraret,
777 1719 862 1785 atque
880 1715 925 1769 ita
942 1714 1029 1770 etiarn
1047 1716 1175 1772 Bacchus
1195 1718 1264 1773 dici-

191 1791 240 1844 tur
259 1805 277 1844 a
295 1788 413 1843 Nonno
432 1787 511 1841 Dion.
532 1787 606 1854 VIII,
625 1791 685 1840 400.
705 1787 758 1855 IX,
778 1793 802 1842 9.
838 1786 871 1841 V.
896 1786 1007 1855 Etym.
1026 1787 1063 1840 Μ.
1082 1805 1110 1858 p.
1129 1793 1190 1858 428,
1211 1795 1263 1859 10,

191 1860 243 1915 ubi
275 1859 443 1914 Callimachi
469 1859 660 1946 fragmentum
689 1857 729 1913 sic
761 1857 873 1914 videtur
909 1858 1115 1927 retingendum:
1145 1853 1180 1915 ὃν
1209 1855 1263 1916 oria

192 1928 296 1998 ἔπλησε
326 1930 453 1999 φέρουσα
475 1934 578 1998 Μητηρ
602 1923 714 1983 addicor
737 1927 841 1999 μῆνας,
869 1929 887 1984 i.
912 1946 935 1984 e.
960 1923 995 1984 όν
1019 1928 1148 1998 φέρουσα
1172 1926 1263 2001 μήτηρ

191 1997 247 2056 σόα
268 2000 368 2070 ἔπλησε
387 1996 454 2063 τοὺς
472 2001 528 2055 τόν
547 1995 657 2054 ιόὸίνων
677 2000 768 2069 μῆνας
794 2001 823 2069 (i.
843 2017 866 2054 ε.
888 1995 994 2069 ἐννέα).
1028 1995 1202 2071 Ἀλιτήμερον
1220 2020 1263 2057 re-

188 2073 270 2142 cepit
288 2073 352 2127 ‘cum
371 2071 474 2126 Gaias.
498 2070 710 2126 Dindorfius.
747 2070 902 2140 vulgatam
920 2071 1115 2142 Lennepius
1133 2073 1261 2128 defendit

193 2145 269 2213 apud
288 2142 499 2198 Boiseonadum.

265 2216 299 2271 V.
319 2221 362 2270 92.
394 2208 531 2285 πολλὰ]
555 2212 622 2267 Bau.
643 2213 746 2268 etPar.
767 2212 994 2282 apltankium
1013 2208 1146 2282 μάλα-
1192 2233 1262 2270 are·

192 2279 417 2356 στοναχίζεό]
439 2285 608 2340 Stobeeus
627 2284 687 2339 flor.
702 2283 749 2350 IV,
764 2289 798 2338 36
812 2302 840 2352 p.
855 2289 1045 2353 όλμεταστον.
1073 2285 1142 2340 Post
1173 2287 1261 2340 πίσσω

192 2356 252 2412 inte
286 2359 427 2411 unxerunt
445 2355 597 2411 Schocm.
617 2353 757 2409 Koechl.
776 2354 824 2408 I'l.

293 2471 299 2484 .
319 2434 361 2482 93.
399 2422 525 2508 ἀχέων]
550 2421 654 2493 ὀχέων,
679 2424 755 2495 quod
778 2425 917 2479 maluerat
940 2425 1124 2516 Graevius,
1165 2428 1261 2496 ropter

189 2497 244 2554 Od.
264 2498 338 2566 XXI,
357 2504 409 2553 302
429 2500 535 2567 recepit
560 2496 670 2565 Dind,
696 2511 732 2549 ne
752 2495 942 2550 accusativum
960 2489 997 2562 ήν
1015 2491 1087 2564 ἄτην
1105 2444 1200 2566 σχῖνον
1218 2515 1261 2552 rc·

189 2572 279 2640 geret.
316 2569 452 2624 Probavit
469 2568 539 2624 Pal.
577 2567 633 2621 Sed
650 2584 677 2622 r.
696 2567 791 2620 adnot.
811 2567 883 2636 expl.
903 2597 936 2606 -
955 2563 1015 2635 θήν
1034 2563 1105 2636 ἄτην
1124 2568 1166 2622 sl.

265 2642 298 2697 V.
318 2647 362 2695 94.
399 2633 607 2709 ἐπετέλλετ’]
628 2639 683 2695 Vn.
704 2635 856 2692 ἑπέτειλεν.

189 2835 276 2906 gius.
312 2819 462 2890 Praeterea
485 2851 544 2889 rem
569 2836 698 2889 accurato
789 2835 823 2890 V.
843 2840 886 2889 94.
923 2835 965 2888 Ex
979 2836 1128 2890 hocversu
1146 2835 1258 2890 conclu-

192 2907 320 2975 exposnit
339 2907 371 2961 Ο.
390 2906 521 2962 Miller.
542 2905 579 2959 ad
597 2905 697 2960 Aesch.
752 2905 803 2961 das
822 2923 947 2977 pugnam
966 2923 1029 2961 cum
1043 2905 1136 2975 Cycno
1155 2907 1260 2961 factum

191 2977 271 3033 Eum.
292 2983 352 3033 136.
753 2994 813 3033 esse
832 2978 897 3031 ante
917 2978 1064 3032 duodecim
1083 2978 1193 3033 labores
1211 2994 1259 3046 pa·

227 3049 261 3104 V.
277 3055 319 3103 90.
348 3045 535 3119 σφέτερον]
557 3063 635 3102 suam
650 3047 698 3102 do·
752 3050 850 3104 tratos.
888 3047 933 3102 Ad
959 3048 1147 3117 Eurystheum
1175 3053 1260 3104 antea

190 3137 276 3174 mum.
305 3120 442 3176 V.V0ss.
457 3119 494 3173 ad
507 3119 601 3187 hymn.
616 3119 698 3173 Hom.
752 3119 874 3190 Iphiclus
911 3118 1146 3189 commigraverat
1183 3119 1260 3188 cupi·

191 3185 363 3316 ttttsst
380 3190 609 3314 ‘1H5⁸I⁰¹²t³¹⁰³·
657 3189 697 3244 Of.
753 3190 1190 3316 tttttimttttttttt
1203 3191 1258 3316 λῖ·

227 3279 324 3388 V.g9l.
361 3279 586 3401 όλιτήήήενον]
608 3331 637 3386 Si
656 3349 699 3386 sa·
753 3332 830 3402 apud
847 3280 1049 3401 Eurydtheum,
1078 3349 1112 3386 ex
1134 3281 1257 3388 Hesiodd

191 3420 258 3456 num
282 3405 340 3470 est,·
364 3404 434 3458 item
458 3402 598 3472 significat
623 3402 698 3470 quod
751 3420 808 3458 non
826 3403 1003 3473 perspicitur.
1064 3419 1066 3422 ·
1176 3453 1182 3462 .

191 3468 348 3545 ἀλιτήμονα
376 3473 407 3528 Il.
426 3473 531 3541 XXIV,
557 3478 616 3527 157.
638 3479 696 3528 186.
788 3474 821 3528 V.
841 3481 884 3529 95.
923 3470 1164 3544 φοινικόεντα]
1193 3474 1257 3530 Non

188 3543 493 3600 Oallim.Dian.123.
532 3543 573 3599 uf.
592 3543 696 3598 Rank.
751 3549 827 3600 recte
853 3545 1029 3600 Heinrich.
1055 3543 1257 3613 interpretatur

190 3633 219 3684 p.
245 3621 303 3671 158.
344 3616 419 3670 Male
443 3615 569 3671 Tzetze
592 3611 640 3669 διὰ
664 3611 697 3669 τὸ
751 3618 855 3672 ebore
878 3615 1111 3686 splendentia3
1137 3615 1257 3668 multum

190 3681 252 3812 ”t
265 3687 603 3829 λολιλλνιι.
751 3688 825 3827 {tr
841 3681 1257 3827 9999999999·

191 3827 229 3882 sit
257 3830 374 3884 verbum
401 3831 549 3892 neutrum,
582 3845 695 3884 necesse
749 3831 817 3883 nata
835 3829 929 3882 radice
951 3846 977 3884 r.
1004 3825 1079 3882 Curt.
1098 3846 1125 3896 p.
1146 3830 1208 3896 284)
1229 3829 1257 3882 et

189 3900 241 3967 cst,
261 3901 294 3953 ut
311 3894 348 3968 ἣν
366 3895 446 3968 ἄτην.
457 3900 611 3969 coniungas
631 3916 694 3952 cum
749 3901 915 3968 φοινικοῦν,
945 3916 1064 3968 qnorum
1090 3900 1162 3953 illud
1189 3915 1256 3953 sanc

191 3973 450 4039 μετεστοναχίζετοτ
475 3987 560 4038 quare
589 3969 692 4024 delevi·
749 3970 971 4038 rplcndidum
985 3970 1124 4040 significat
1138 3969 1255 4039 adignis

190 4057 251 4094 mus
288 4041 445 4111 posituram
480 4043 546 4110 pont
578 4037 692 4096 ὀπίσσω.
748 4041 849 4110 instar,
872 4043 927 4096 hoo
949 4039 1111 4094 veronIhil
1135 4042 1178 4095 est
1201 4039 1257 4094 nisi
1319 4061 1322 4066 ·

186 4110 513 4168 AssentiturRanhiue
523 4112 586 4166 coli.
597 4111 694 4180 Odyss.
749 4113 896 4166 rubrum.
934 4111 1063 4167 Ceterum
1078 4112 1152 4166 hunc
1166 4113 1196 4166 et
1214 4111 1255 4165 in·

189 4181 238 4250 IV,
257 4191 318 4250 261,
337 4183 386 4252 qui
400 4200 434 4237 ex
447 4182 527 4236 Iliad.
547 4182 568 4248 I,
588 4188 622 4236 34
640 4183 695 4236 for·
750 4186 912 4252 sequentem
926 4201 1036 4237 versum
1051 4200 1108 4239 non
1127 4199 1187 4236 esse
1206 4198 1253 4235 an·

190 4253 265 4308 tasse
293 4251 388 4309 ἄαὲων
415 4253 606 4321 reponendum
635 4269 696 4307 esse
749 4253 823 4321 tiqui
833 4252 954 4310 auctoris
965 4253 1119 4308 arbitratur
1134 4250 1253 4306 Thiar·

185 4323 374 4379 coniectabat.
750 4325 864 4378 schius
888 4325 922 4380 de
946 4325 1011 4378 Hes.
1030 4342 1058 4392 p.
1078 4329 1112 4378 98
1140 4322 1260 4392 propter

245 4423 348 4462 Haemo.
362 4424 397 4463 ed.
412 4423 525 4472 Gottling.
1033 4419 1048 4467 9
