2892 4902
231 343 292 389 xvl

228 489 370 565 ignotum
394 489 470 547 illud
493 491 573 566 Δρῆ,
597 488 680 548 cuius
704 488 856 566 genitivus
879 507 965 550 casus
989 489 1178 570 abantiquis
1201 505 1301 567 gram-

229 577 349 636 maticis
368 577 479 652 dignus
499 577 620 636 habitus
641 581 687 636 est
708 577 761 652 qui
780 577 944 653 praecipue
962 581 1132 647 notaretur,
1155 582 1301 654 pronote

230 665 368 724 habitum
395 666 426 723 in
453 664 614 744 Δωρίωνος
642 656 737 745 (quod
764 665 865 726 notius
895 666 1057 726 videbatur
1087 686 1196 726 nomen
1227 685 1302 742 esse,

229 775 257 814 v.
281 754 375 812 Plut.
404 755 441 813 de
465 753 543 816 Mus.
567 746 623 834 21)
645 754 783 814 mutavit.
829 753 945 814 Deinde
971 755 1004 813 in
1026 755 1133 831 Agone
1157 747 1203 836 (p.
1228 757 1302 828 359,

232 845 265 919 63
288 841 476 902 Westerm.
499 862 527 917 p.
543 843 594 916 35,
610 837 667 921 46)
690 845 760 917 post
777 844 863 922 Δρῆν
885 835 945 924 (sic
963 844 1042 902 enim
1065 843 1225 920 legendum
1248 863 1302 920 pro

222 922 347 1011 Ὄρτην)
376 929 485 990 excidit
512 932 564 1004 τοῦ
593 926 625 990 δὲ
648 921 781 1007 Εὐκλέα,
808 950 864 1007 pro
888 931 1073 991 Harmonida
1096 951 1167 992 vero
1190 937 1221 991 et
1244 934 1302 991 Eu-

230 1020 339 1094 phemo
353 1018 564 1078 introducendi
576 1019 746 1078 Idmonides
761 1020 811 1079 vel
826 1019 1013 1080 Iadmonides
1028 1023 1059 1080 et
1069 1019 1303 1098 Chariphemus3

231 1107 361 1187 denique
390 1107 415 1165 si
443 1106 559 1184 Agonis
586 1110 692 1167 auctor
718 1108 762 1166 ita
790 1107 863 1167 dicit
889 1129 918 1184 p.
947 1110 1022 1182 359,
1052 1111 1070 1166 2
1101 1101 1302 1189 (Westerm.

231 1215 260 1272 p.
286 1199 336 1273 35,
360 1189 432 1274 42):
464 1191 541 1268 τινὲς
569 1191 601 1255 δὲ
628 1189 771 1274 νεώτερον
801 1193 889 1271 [φασὶ
915 1189 967 1257 τὸν
986 1189 1121 1276 ’Όμηρον
1148 1189 1224 1257 εἶναι
1250 1201 1303 1258 τοῦ

228 1277 387 1364 Ἡσιόδου]
417 1281 466 1343 καί
493 1287 629 1364 σνμμενή.
666 1285 875 1364 μενεαλομοῦσί
899 1306 928 1344 τε
957 1279 1065 1362 οὕτως,
1092 1287 1226 1364 pertinet
1249 1287 1304 1348 hoc

235 1373 328 1432 etiam
352 1373 391 1430 ed
413 1373 576 1448 Ephorum.
622 1372 660 1432 V.
683 1371 772 1431 Gall.
796 1369 833 1432 N.
858 1372 893 1432 A.
918 1373 978 1448 111,
1003 1378 1053 1434 11.

322 1461 370 1519 Ad
398 1461 518 1520 fabulas
547 1481 607 1520 nou
634 1465 697 1520 tam
726 1461 764 1520 de
786 1461 918 1522 Hesiodo
947 1481 1037 1538 quam
1061 1462 1097 1522 de
1120 1458 1237 1522 familia
1261 1454 1303 1543 (.

232 1548 337 1608 Wolf.
375 1549 515 1626 Prolegg.
538 1569 567 1624 p.
590 1542 742 1628 XCVIII.)
765 1549 815 1609 uel
838 1554 931 1627 secta,
955 1551 1039 1611 cuius
1067 1551 1120 1610 ille
1141 1551 1202 1610 fuit
1224 1552 1304 1628 prin-

234 1656 303 1712 ceps
311 1683 319 1711 ,
337 1637 557 1714 intellegendas
571 1637 701 1713 primum
720 1637 796 1708 illud
813 1637 998 1714 epigramma
1011 1639 1163 1716 pertinere
1176 1640 1304 1716 videtur,

189 1733 204 1756 ⁶
234 1727 313 1802 quod
341 1726 378 1786 de
405 1725 538 1786 Hesiodo
565 1726 610 1784 ita
642 1725 719 1802 agit,
752 1729 787 1784 ut
818 1725 865 1786 bis
892 1728 1049 1787 iuventute
1081 1728 1208 1787 fruitum
1239 1747 1304 1788 erse

233 1817 354 1890 poetam
393 1815 512 1873 indicet.
569 1813 636 1871 Vid.
672 1814 814 1874 Proverb.
847 1815 916 1874 Vat.
948 1815 1006 1890 IV,
1036 1819 1055 1876 3
1089 1810 1305 1894 (Paroemiogr.

235 1901 339 1962 Graec.
354 1903 399 1961 ed.
413 1903 583 1961 Leutsoh.
599 1905 631 1960 et
644 1899 902 1962 Schneidewin
917 1904 940 1963 I.
954 1925 984 1980 p.
998 1897 1092 1984 456):
1103 1897 1306 1965 Ἡσιόδειον

234 1991 277 2070 μή
283 2012 355 2068 ρας.
373 1981 568 2067 Ἀριστοτέλης
587 1987 619 2049 ἕν
634 1983 828 2069 Ὀρχομενίων
849 1992 979 2075 πολιτείᾳ
998 1990 1044 2066 δὶς
1066 1987 1211 2070 τετᾶφθαι
1232 1990 1307 2070 φησί

233 2073 286 2139 τὸν
303 2069 445 2138 Ἡσίοδον
472 2076 522 2138 καί
540 2072 754 2159 ἐπιγράμματος
773 2077 859 2141 τοῦδε
880 2085 991 2159 τυχεῖν·
1020 2074 1079 2162 (Of.
1099 2083 1190 2142 Rosa
1210 2082 1306 2143 Arist.

235 2167 380 2243 Pseudep.
403 2188 433 2244 p.
457 2169 520 2228 507
537 2160 612 2248 seq.)
1112 2167 1115 2173 '

369 2301 451 2377 χαῖρε
475 2296 521 2370 δὶς
542 2291 658 2377 ήβήσας
679 2298 729 2359 καί
753 2297 799 2372 δίς
820 2295 919 2378 τάφου
936 2293 1146 2380 ἀντιβολήσας,

363 2380 494 2461 Ἦσίοδ’,
517 2380 691 2464 ἀνθρώποις
714 2386 818 2468 μίτραν
841 2387 917 2468 ἔχων
939 2390 1057 2468 σοφίης.

236 2520 328 2598 Apud
361 2520 499 2579 Tzetzam
531 2524 562 2579 et
589 2519 712 2578 Suidam
740 2521 870 2583 Pindaro
907 2525 964 2583 hoc
994 2522 1179 2599 epigramma
1201 2522 1308 2582 tribui-

236 2614 299 2682 tur,
323 2627 377 2667 nec
407 2626 497 2668 causa
526 2609 601 2668 satis
633 2608 740 2668 idonea
767 2614 826 2687 est,
855 2631 909 2670 cur
937 2610 1067 2670 Pindaro
1093 2611 1307 2669 abiudicemus.

237 2697 275 2756 V.
302 2696 453 2756 Boeckh.
481 2697 600 2774 Fragm.
628 2697 714 2757 Pind.
743 2719 771 2774 p.
800 2700 874 2759 554.
910 2698 1044 2773 Bergk.
1071 2697 1154 2755 Poet.
1182 2697 1254 2771 Lyr.
1277 2717 1307 2770 p.
1428 2729 1429 2752 l

240 2778 314 2845 383.
359 2784 433 2843 Hem
464 2785 509 2844 Ita
541 2787 689 2861 explicare
721 2791 845 2846 conatus
879 2789 925 2845 est
950 2779 1306 2860 ,Marokscheffelius

239 2865 391 2954 (Hesiodi,
414 2873 532 2933 Eumeli
558 2904 594 2914 -
620 2875 793 2951 fragmenta
815 2895 843 2950 p.
868 2875 909 2932 53
925 2864 998 2952 sq.):
1031 2869 1250 2944 „Proverbium
1273 2887 1308 2928 ax

239 2961 455 3038 epigrammate
474 2965 573 3021 ortum
592 2966 653 3035 est,
676 2963 862 3038 epigramma
880 2979 897 3019 e
921 2959 1031 3034 duplici
1054 2975 1132 3033 quae
1154 2957 1307 3018 ferebatur

240 3051 410 3125 sepultura,
428 3051 465 3109 ad
484 3069 574 3126 quam
593 3050 800 3126 explicandam
819 3048 929 3124 aliquis
948 3045 1114 3105 Hesiodum
1132 3044 1178 3104 bis
1196 3044 1307 3106 vixisse

240 3142 271 3198 et
298 3139 345 3197 bis
372 3135 525 3198 mortuum
553 3159 618 3200 esse
645 3138 745 3210 finxit,
772 3141 807 3196 ut
835 3135 1078 3210 intellegeretur,
1106 3131 1252 3210 quomodo
1275 3135 1307 3194 in

239 3231 368 3303 utroque
391 3229 526 3302 sepulcre
549 3231 657 3304 poetas
682 3245 753 3286 ossa
773 3243 839 3284 esse
865 3218 1015 3298 possent.“
1050 3223 1094 3282 At
1115 3223 1308 3282 vehementer

239 3316 319 3374 inter
351 3335 383 3375 se
410 3316 555 3375 differunt
577 3307 746 3374 Ἡσιόδειον
772 3313 865 3392 γήρας
894 3314 925 3370 et
952 3311 1074 3370 Pindari
1107 3308 1152 3383 ἃλς
1180 3303 1307 3390 ἡβήσας,

240 3423 367 3480 quorum
398 3409 540 3464 neutrum
572 3399 713 3478 explicari
745 3419 781 3458 ex
812 3400 909 3458 altero
936 3404 1050 3475 potest:
1081 3400 1134 3459 illo
1163 3400 1251 3460 enim‘
1270 3400 1307 3458 de

240 3511 350 3568 magua
380 3495 547 3564 senectute,
576 3492 632 3549 hoc
659 3490 696 3547 de
723 3487 854 3564 repetita
879 3487 943 3548 vita
970 3489 1014 3548 ita
1041 3488 1155 3564 agitur,
1182 3492 1218 3547 ut
1240 3506 1306 3563 pro·

240 3584 345 3641 vectae
364 3581 526 3640 senectutis
544 3597 582 3637 ne
600 3576 765 3651 uestigium
784 3575 904 3652 quidem
921 3577 1009 3637 adsit.
1041 3576 1194 3647 Quomodo
1212 3576 1322 3653 igitur

240 3669 306 3728 fieri
328 3671 439 3745 potuit,
463 3671 498 3726 ut
521 3663 714 3742 proverbium
738 3683 773 3722 ex
801 3665 1016 3744 epigrammate
1044 3664 1200 3726 oreretur?
1247 3664 1305 3722 Res

240 3758 329 3834 longe
352 3758 441 3816 aliter
464 3774 496 3814 ee
518 3755 629 3814 habere
652 3751 779 3812 videtur.
815 3753 845 3811 Is
865 3755 955 3828 enim,
978 3755 1030 3830 qui
1048 3752 1207 3828 proverbia
1225 3751 1309 3810 Vati·

242 3865 316 3905 oaua
344 3844 478 3919 collegit,
508 3861 576 3900 cum
603 3841 790 3916 proverbiale
817 3841 893 3901 illud
911 3834 1080 3902 Ἡσιόδειον
1107 3843 1200 3920 γήρας
1227 3843 1308 3899 recte

243 3934 390 4009 explicare
412 3931 555 4004 nesciret,
579 3929 795 4006 epigrammate
817 3930 975 3990 Pindarico
999 3929 1198 4006 qualicunque
1221 3928 1309 3986 modo

241 4022 272 4080 id
295 4017 491 4094 interpretari
512 4017 637 4079 studuit.
677 4017 782 4095 Neque
806 4019 884 4078 enim
907 4018 1032 4078 dubium
1056 4021 1114 4090 est,
1139 4016 1211 4091 quin
1234 4015 1310 4074 illud

242 4108 434 4185 proverbium
468 4107 504 4165 de
531 4107 624 4166 nobili
651 4107 715 4166 loco
747 4105 873 4167 Hesiodi
903 4099 953 4187 (fr.
989 4108 1065 4182 1633
1092 4104 1230 4164 imitatus
1262 4107 1309 4164 est

245 4197 359 4256 Auson.
382 4195 426 4253 id.
454 4189 579 4274 XVIII.)
606 4194 843 4274 intellegendum
870 4193 923 4268 sit,
953 4193 1004 4270 qui
1026 4195 1064 4253 de
1086 4192 1307 4268 longinquitate

246 4285 328 4344 vitae
357 4276 460 4367 (γήρᾳ)
489 4283 655 4359 hominum,
683 4285 844 4357 cornicum,
874 4301 1031 4343 cervorum
1058 4283 1113 4341 cet.
1143 4280 1220 4356 agit,
1251 4298 1312 4339 non

1004 4523 1027 4564 Ο
