2892 4902
202 273 250 320 XL

204 420 240 478 de
265 418 356 496 Oyelo
380 419 562 479 Graecorum
586 420 668 494 epioe
691 439 720 494 p.
744 413 818 500 52),
842 418 969 498 Orpheo,
993 421 1116 481 Musaeo
1140 426 1172 481 et
1194 423 1272 482 Aeu-

204 510 279 567 silae
310 502 352 589 (u.
380 507 512 567 Walzii
534 508 621 567 Rhet.
652 507 704 568 IX.
731 525 759 583 p.
786 501 876 588 144),
907 509 1027 569 diversa
1054 511 1091 572 ab
1119 511 1274 572 Hesiodea

203 616 277 657 usus
302 600 348 657 est
372 595 559 672 Chrysippus
584 589 625 679 (v.
645 597 682 655 ad
702 596 756 658 Th.
777 590 865 677 927),
889 598 980 658 aliam
1003 600 1179 675 conscripsit
1201 601 1271 676 Epi-

203 686 347 746 menides.
392 687 438 744 Ex
466 686 612 745 eiusmodi
641 685 737 762 igitur
765 685 871 746 rivulis
902 687 1056 748 derivandi
1079 707 1145 748 osse
1168 689 1271 750 viden-

203 778 255 835 tur
272 795 301 836 v.
320 776 506 848 217-222,
530 775 716 852 411-452,
741 775 933 858 501-5063,
955 769 1063 836 deinde
1081 778 1181 838 cultus
1204 779 1272 838 dee

204 884 272 923 rum
311 865 498 940 quorundam
536 863 568 921 in
603 863 818 939 regionibus
856 865 1075 940 quibusdem
1110 867 1271 943 praecipue

205 971 335 1030 regnans
359 952 419 1011 alia
436 953 559 1026 invexit,
582 971 641 1029 qua
663 952 747 1012 inre
769 953 876 1013 merite
901 955 1090 1030 excipiuntur
1113 954 1270 1033 Olympus,

204 1044 453 1102 commemoratus
480 1061 548 1101 eum
577 1039 693 1118 Pieria,
725 1044 756 1100 et
785 1041 896 1118 Delphi
924 1036 1035 1124 (499),
1065 1044 1271 1104 sanctissimae

205 1132 290 1190 sedes
321 1131 458 1205 deorum,
487 1149 615 1206 quarum
641 1129 796 1190 ueneratio
824 1131 863 1189 ad
890 1150 993 1191 omnes
1017 1131 1147 1193 Graecos
1170 1152 1273 1209 perac-

205 1239 262 1296 que
285 1219 466 1295 pertinebat,
490 1220 599 1279 merite
627 1219 679 1278 alii
701 1219 773 1294 loci,
796 1221 906 1294 quibus
929 1221 1093 1280 seeundum
1116 1222 1272 1298 antiquam

203 1307 423 1384 mythologiam
446 1307 559 1384 aliquid
578 1308 693 1368 factum
716 1311 771 1385 est,
794 1312 830 1367 ut
848 1307 990 1388 Cythera,
1010 1309 1132 1386 Othrys,
1156 1311 1274 1370 Nemea

206 1416 274 1457 cum
296 1397 502 1456 adiacentibus
526 1398 608 1457 10010.

293 1486 457 1545 Praeterea
484 1485 631 1562 quaedam
658 1488 760 1560 partes
787 1487 922 1562 reliquae
951 1490 1022 1546 sunt
1049 1507 1085 1547 ex
1106 1488 1274 1548 10111010-

203 1575 318 1634 riorum
331 1575 464 1634 locorum
478 1574 714 1648 recessionibus,
733 1593 904 1651 quanquam
917 1575 949 1634 in
964 1576 1136 1652 Theogenia
1149 1581 1274 1654 prepter

203 1665 301 1741 ipsam
329 1663 468 1723 carminis
497 1663 723 1723 sanctimoniam
751 1664 800 1723 hic
831 1665 914 1724 100110
941 1684 1008 1726 nen.
1030 1667 1149 1725 tantum
1177 1656 1283 1745 patet,

205 1755 351 1830 qnantum
380 1752 571 1812 crediderunt
597 1753 658 1813 alii.
705 1751 793 1812 Certe
825 1753 858 1811 in
889 1755 1076 1829 argumentis
1108 1755 1273 1815 levioribus

204 1845 325 1900 tantum
356 1841 429 1900 haee
461 1843 606 1916 occupata
635 1859 700 1924 esse
733 1843 887 1918 poterant;
919 1843 1047 1919 denique
1079 1844 1228 1920 quaedem
1255 1863 1275 1902 a

204 1929 362 2005 rhapsodis
382 1932 557 1988 ornamenta
575 1929 691 1989 adiecta
710 1949 775 1989 esse
793 1931 947 2004 videntur,
967 1949 1043 2008 quae
1062 1951 1081 1991 a
1098 1935 1164 1993 toto
1179 1933 1274 1993 ’11100-
1307 1963 1308 1966 “

204 2017 884 2100 3010001οη010011011011101111144-145,
897 2023 1080 2097 199-200,
1089 2024 1274 2097 722-725,

207 2109 391 2178 reo-745,
427 2107 499 2166 774.
534 2109 708 2168 eeu-819
738 2110 768 2167 et
796 2109 834 2168 al.
893 2110 1038 2186 Magnum
1070 2115 1173 2191 autem
1204 2110 1275 2170 fidei

206 2195 398 2272 Theogoniae
421 2198 618 2271 augmentum
642 2215 676 2256 eo
700 2195 793 2256 etiam
815 2198 942 2274 aceedit,
970 2200 1049 2275 quod
1072 2203 1177 2274 postea
1200 2200 1275 2258 haec

206 2283 332 2344 Hesiodi
355 2283 528 2360 Theogonia
551 2303 636 2361 sues,
659 2288 694 2344 ut
717 2285 794 2344 sacri
818 2285 1057 2347 Christianorum
1079 2289 1163 2365 libri,
1185 2293 1275 2348 nacta

206 2375 254 2434 est
279 2373 473 2448 interpretes,
495 2372 713 2450 Pherecydem,
735 2374 926 2452 Acusilaum,
956 2378 1115 2436 Eumelum
1138 2377 1275 2454 aliosque

205 2461 412 2538 philosophos,
451 2461 514 2538 qui,
552 2463 578 2520 si
609 2462 782 2540 philosophi
812 2465 939 2525 alieuius
970 2465 1066 2524 fetum
1097 2465 1276 2525 habuissent

206 2549 423 2627 Theogoniam,
448 2554 482 2609 ut
504 2555 655 2610 nostrates
679 2553 801 2628 quidam
820 2554 1023 2630 erediderunt,
1046 2573 1105 2612 non
1124 2572 1199 2629 opus
1223 2555 1274 2612 ha·

206 2638 344 2698 tuissent
365 2639 610 2715 interpretari
634 2660 751 2700 summa
773 2640 831 2700 fide
855 2643 1002 2714 adhibita,
1033 2642 1085 2699 sed
1107 2642 1196 2716 plana
1220 2645 1276 2698 aut

205 2727 396 2803 ignorassent
411 2730 463 2786 aut
478 2728 658 2789 abiecissent
676 2729 807 2802 facilius,
827 2731 905 2805 qued
919 2729 1033 2804 primus
1049 2745 1139 2786 ausus
1153 2726 1273 2785 Anaxa-

204 2835 296 2892 goras
320 2819 378 2889 est,
403 2835 471 2876 cum
493 2817 615 2877 Helium
637 2837 697 2878 non
721 2818 810 2877 deum
834 2835 900 2882 esse
923 2816 1048 2888 diceret,
1077 2815 1129 2873 scd
1157 2806 1275 2894 μύδρον

207 2895 370 2984 διάπυρον,
393 2906 478 2966 euius
502 2925 593 2966 ausus
615 2909 722 2984 postea
743 2923 869 2981 poenam
892 2904 950 2962 luit
972 2921 1121 2978 magnam.

296 2993 400 3054 Omnis
425 2997 526 3054 autem
548 2996 736 3072 mythologie
758 2993 950 3068 antiquorum
971 2993 1151 3068 populorum
1175 2991 1276 3053 distri-

205 3082 281 3141 buta
295 3085 342 3142 est
360 3083 392 3141 in
409 3087 512 3159 partes
530 3087 606 3160 tres,
625 3081 845 3157 cosmogeniam
860 3099 883 3139 s.
898 3081 1065 3140 doctrinam
1078 3082 1115 3140 de
1129 3083 1274 3156 mundo,

205 3171 399 3247 theogeniam
422 3191 445 3232 0.
468 3173 635 3232 doctrinam
658 3171 694 3229 de
718 3170 800 3246 diis,
824 3169 1038 3251 hereogoniam
1061 3189 1084 3229 0.
1107 3171 1274 3230 doctrinam

206 3258 243 3318 de
266 3260 480 3320 hominibus.
526 3261 643 3318 Hamm
665 3277 742 3334 quae
763 3257 861 3333 primo
884 3258 949 3319 lece
973 3263 1020 3320 est
1041 3259 1140 3335 posita
1163 3279 1275 3320 cosme-

206 3348 297 3424 gonia
320 3341 352 3430 (a
370 3369 461 3410 versu
482 3351 543 3408 116
564 3347 716 3423 usquead
736 3339 814 3428 452)
835 3367 903 3407 eum
922 3349 1058 3412 notiones
1079 3338 1130 3408 ¹uel
1152 3348 1276 3408 numina

207 3438 370 3512 contineat,
390 3457 466 3515 quae
486 3437 569 3496 cultu
589 3439 619 3494 et
636 3433 783 3511 religione
801 3430 925 3512 prorsus
944 3437 1025 3514 apud
1039 3435 1168 3497 Graecos
1188 3441 1276 3497 erant

206 3525 367 3601 destituta,
385 3543 471 3584 nemo
490 3524 662 3601 mirabitur,
679 3543 740 3583 nen
758 3526 862 3600 eedem
880 3526 912 3584 in
930 3526 1068 3585 omnibus
1087 3545 1122 3586 ae
1145 3527 1274 3602 singulis

207 3615 287 3691 apud
316 3613 540 3689 antiquissimos
567 3615 673 3687 poetas
699 3613 757 3672 niti
786 3614 991 3676 fundamento.
1036 3614 1084 3674 Sic
1116 3633 1188 3674 sane
1215 3614 1275 3674 He-

173 3688 284 3763 'siedi
311 3700 501 3778 cosmogenia
527 3701 647 3761 videtur
675 3702 787 3762 distare
811 3704 849 3764 ab
873 3704 1044 3779 Homerica,
1072 3721 1164 3779 quam
1186 3706 1278 3779 poeta

206 3792 291 3851 velut
318 3791 400 3850 aliud
432 3809 526 3866 agens
558 3789 803 3853 commemoravit
832 3793 918 3853 Iliad.
945 3792 1025 3868 XIV,
1056 3788 1133 3867 200,
1166 3792 1277 3852 doeens

207 3881 278 3939 deos
306 3897 408 3939 omnes
440 3879 614 3954 progenitos
643 3899 708 3940 0000
739 3881 827 3957 Aqua
857 3901 911 3942 seu
938 3880 1055 3941 Oceano
1088 3899 1123 3940 ae
1150 3881 1277 3956 Tethye.

207 3967 304 4038 Quam
333 3969 555 4044 cosmogeniam
581 3969 680 4046 lepide
708 3970 844 4030 imitatus
874 3973 920 4030 001
952 3969 1146 4046 Vergiliusv
1167 3968 1278 4045 Geerg.

206 4055 260 4130 IV,
280 4057 354 4116 381.
390 4057 436 4116 Ex
457 4057 583 4118 Hesiodi
605 4078 676 4119 vere
700 4060 830 4118 carmine
855 4063 988 4136 systema
1010 4058 1218 4134 physiologiae
1236 4089 1274 4098 -

206 4144 310 4204 licebit
342 4145 422 4206 enim
454 4147 576 4224 antique
608 4149 727 4208 nemine
760 4147 977 4224 significatione
1006 4147 1130 4222 antiqua
1158 4146 1205 4205 uti
1235 4177 1274 4188 -

206 4234 303 4294 multe
328 4235 479 4297 elimatius
501 4237 661 4297 Homerico
689 4240 721 4296 et
742 4237 872 4298 fortasse
895 4236 988 4296 etiam
1010 4236 1160 4296 recentius
1184 4254 1278 4295 amer-
