2892 4902
1202 358 1240 404 LI

169 508 342 570 nationis
372 512 407 568 et
435 509 618 585 explicant
646 506 822 583 prodigia
867 505 923 566 His
946 523 1017 565 vero
1040 504 1141 565 verbis
1163 524 1248 581 pras

171 600 261 677 cipue
292 596 419 657 Hesiodi
453 594 552 673 Opera
582 596 717 656 innuisse
743 594 895 671 putandus
923 596 983 654 est:
1014 614 1042 654 v.
1072 595 1145 654 383.
1173 595 1273 654 415..

170 689 249 748 448.
279 687 483 747 564-566.
513 688 586 745 571.
615 686 690 744 582.
719 685 912 744 609-619
943 683 993 743 all.
1038 682 1126 742 Adde
1157 683 1250 742 etiam

170 775 273 836 Schol.
307 775 451 850 Aeschyl.
485 773 584 834 Prom.
623 775 686 834 793
720 765 854 854 (Fragm.
889 763 982 852 191):
1022 768 1089 850 cepi
1124 773 1249 851 γρυπῶν
1290 809 1295 812 -
1327 840 1331 846 ,

164 858 310 935 Ἡσίοδος
335 865 451 941 πρῶτος
468 855 685 941 ἐτερατεύσατο,
712 865 743 922 et
760 860 979 921 Schaubach.
999 859 1176 921 Geschichte
1195 860 1249 919 der

170 952 369 1013 Astronomie
395 971 424 1028 p.
448 953 500 1012 36.
764 1007 768 1012 ,

262 1040 315 1102 ΙΧ.
342 1039 640 1100 Astroncmiaucl
658 1032 872 1118 ἀστρολογία
885 1040 935 1099 vel
954 1030 1102 1117 ἀστρικῆ
1122 1037 1248 1117 βίβλος

168 1129 320 1190 tribuitur
352 1128 483 1189 Hesiodo
516 1147 534 1188 a
565 1128 664 1188 Plinio
692 1127 730 1186 H.
759 1127 795 1186 N.
824 1125 941 1202 XVIII,
971 1128 1025 1186 25:
1067 1126 1249 1187 Occasum

169 1218 397 1279 matutinum
419 1217 668 1294 Vergiliarum
696 1215 876 1276 Hesiodus
900 1207 994 1296 (nam
1023 1215 1133 1276 huius
1156 1235 1246 1292 quo-

169 1327 240 1385 que
268 1306 412 1366 nomine
441 1307 563 1365 exstat
591 1295 820 1384 Astrologia)
848 1304 1009 1365 tradidit
1036 1304 1138 1380 fieri,
1166 1323 1247 1364 cum

170 1395 448 1473 aequinoctium
476 1394 665 1455 auctumni
693 1393 952 1467 conficeretur,
984 1392 1116 1453 Thales
1145 1394 1250 1471 vige-

171 1487 264 1546 simo
280 1484 336 1543 die
351 1484 394 1542 ab
409 1483 656 1560 aequinoctio,
670 1481 942 1542 Anaximander
956 1482 1134 1558 vigesimo
1148 1500 1250 1560 nono,

171 1575 374 1633 Euctemon
401 1571 539 1632 XLVIII.
590 1571 669 1631 Plut.
708 1571 745 1630 de
778 1570 868 1648 Pyth
901 1591 943 1632 or.
979 1573 1034 1630 18:
1070 1567 1103 1630 έν
1134 1567 1249 1649 μέτροις

172 1655 319 1740 πρότερον
342 1653 485 1733 Εὐδόξου
507 1657 558 1719 καὶ
576 1653 719 1720 Ἡσιόδου
741 1656 792 1718 καὶ
817 1659 919 1719 Θαλοῦ
947 1653 1140 1739 γραφόντων,
1169 1657 1201 1718 εί
1217 1679 1250 1739 γε

174 1751 278 1825 Θαλῆς
302 1746 455 1828 ἐποίησεν,
480 1740 519 1822 ὧς
542 1742 664 1827 ἀληθῶς
687 1746 794 1825 εἰπεῖν,
816 1741 871 1825 τῆν
894 1741 974 1833 αὐτῷ
997 1740 1250 1828 ἀναγραφομένῆν

172 1833 382 1917 ἀστρολογίαντ
423 1839 504 1897 unde
540 1838 698 1898 concludas
731 1837 929 1897 Plutarchum
966 1830 1162 1916 ἀστρονομίαν
1194 1855 1249 1913 pro

171 1947 246 1989 vere
274 1926 423 1987 Hesiodeo
452 1927 583 1986 carmine
609 1925 761 1988 habuisse.
810 1925 895 1986 Idem
932 1926 1041 1986 statuit
1073 1926 1181 1986 Taetza
1217 1925 1249 1985 in

172 2015 304 2078 Chiliad.
327 2015 396 2090 XII,
422 2018 461 2075 16
478 2035 539 2092 seq.
577 2013 702 2075 Cautius
726 2013 836 2096 Athen.
860 2014 913 2074 XI.
936 2035 965 2091 p.
989 2013 1093 2075 4910
1116 2008 1169 2074 τὸν
1194 2007 1250 2093 τῆν

172 2104 218 2177 είς
236 2097 379 2165 Ἡσίοδον
402 2098 631 2183 ἀναφερομένην
653 2097 818 2181 ποιῆσαντα
837 2097 1049 2182 Ἀστρονομίαν
1072 2103 1187 2164 laudat.

265 2193 301 2251 X.
334 2191 508 2270 Sequuntur
527 2191 708 2270 Χείρωνος
731 2185 932 2270 ὑποθῆκαι,
956 2193 993 2252 de
1012 2211 1139 2270 quarum
1158 2211 1248 2269 argu-

171 2285 277 2342 mento
301 2281 392 2341 silere
415 2282 510 2341 satius
535 2281 685 2356 ducimus,
708 2299 799 2358 quam
818 2300 897 2358 quas
920 2300 975 2341 nec
998 2282 1068 2342 sciri
1091 2301 1146 2342 nce
1168 2282 1249 2342 credi

172 2373 304 2448 possunt
327 2370 471 2447 proferre.
507 2370 720 2446 Aristophanis
738 2369 877 2447 Byzantii
897 2371 1077 2430 sententiam
1095 2370 1132 2430 de
1153 2371 1249 2431 libelli

174 2462 300 2520 auctore
332 2453 515 2534 protulimus
546 2459 653 2536 fragm.
685 2460 757 2518 183.
803 2457 914 2518 Mirum
942 2461 1044 2518 autem
1070 2459 1104 2516 in
1129 2459 1252 2518 modum

175 2551 358 2609 erraverunt
381 2547 511 2607 Suidas
534 2547 704 2627 v.·Xelpcv
728 2550 759 2606 ct
781 2547 909 2606 Hudoc.
932 2567 963 2622 p.
985 2549 1064 2607 437:
1094 2539 1251 2625 Χείρωνὸ

175 2632 359 2716 Κένταυρος,
379 2641 440 2709 τοῖς
458 2635 568 2715 ἰατροῖς
587 2639 821 2716 συναριθμεῖται,
839 2627 873 2707 ὃς
886 2637 1001 2714 πρῶτος
1020 2623 1105 2714 εὗρεν
1118 2628 1251 2715 ίατριτιῆν

175 2717 230 2785 daci
252 2725 403 2804 βοτανῶν·
435 2721 565 2806 ἔγραψεν
594 2717 753 2802 ὖποθῆκας
782 2717 822 2784 δι’
849 2721 944 2800 έποόν,
971 2716 1007 2796 ἀς
1029 2725 1154 2786 ποιεῖται
1176 2718 1251 2804 πρὸς

170 2808 305 2892 Ἀχιλλέα
327 2810 378 2874 καὶ
401 2813 595 2892 ίππιατρικῶν
624 2807 657 2894 (l.
680 2804 892 2893 ίππιατρικόν),
916 2806 977 2888 διό,
1008 2807 1048 2886 ἀς
1071 2813 1148 2892 φασί
1166 2835 1251 2890 τινες,

175 2899 230 2962 καλ
243 2898 414 2980 Κένταυρος
429 2895 603 2981 ὠνομάσθη.
635 2902 872 2979 duplicationem
888 2902 998 2962 erroris
1013 2902 1250 2985 dedit-March·

177 2991 345 3052 scheffel.
356 3011 385 3068 p.
402 2994 474 3051 177.
516 2991 622 3068 Neque
636 2991 786 3052 immor-tto
800 2992 930 3052 fortasse
949 2991 1006 3050 hoc
1024 3010 1145 3052 carmen
1163 2993 1251 3051 amis-

178 3099 247 3140 sum
271 3097 338 3139 esse
361 3079 484 3140 dolebat
507 3078 542 3140 0.
565 3080 698 3140 Mdller
720 3079 781 3141 Lit.
805 3079 856 3140 Gr.
879 3079 902 3138 Ι.
925 3099 953 3156 p.
980 3081 1052 3140 143.

268 3167 319 3226 XI.
367 3169 436 3247 Γῆς
467 3168 653 3248 περίοδος,
689 3188 766 3245 quae
802 3171 948 3244 tanquam
983 3187 1090 3245 poema
1126 3169 1251 3231 Hesiodi

176 3258 303 3330 citatur,
325 3257 402 3316 nihil
421 3254 590 3318 aliudesse
608 3258 741 3336 videtur,
765 3277 855 3335 quam
873 3257 1093 3318 Hesiodeorum
1114 3259 1251 3320 locorum

176 3346 219 3406 ab
246 3345 448 3406 Eratosthene
479 3343 631 3422 [Eudoxo]
662 3347 743 3407 faeta
775 3346 812 3406 de
843 3347 900 3406 hac
931 3365 965 3406 re
995 3347 1130 3408 collectio
1159 3351 1191 3407 et
1217 3367 1252 3408 eo

175 3434 270 3496 titulo
301 3433 461 3512 insignita,
494 3436 546 3512 qui
577 3437 615 3496 ab
645 3435 797 3495 Hecataeo
829 3435 898 3495 inde
931 3435 1143 3496 celeberrimus
1176 3441 1252 3496 erat.

176 3523 215 3584 V.
238 3523 381 3584 Klausen.
410 3523 515 3584 Hecat.
542 3544 571 3599 p.
601 3526 651 3584 13.
694 3522 750 3583 Oui
778 3524 945 3584 sententiae
968 3524 1090 3585 obstare
1113 3525 1253 3585 dixerunt

176 3612 211 3672 Il.
236 3609 375 3672 Osannus
404 3604 561 3693 (Zeitschr.
589 3613 610 3671 f.
633 3612 766 3672 Alter-th.
797 3615 893 3673 1841.
921 3633 950 3689 p.
976 3607 1053 3692 645)
1083 3615 1114 3672 et
1137 3613 1253 3674 March-

178 3701 351 3762 scheffelius
373 3720 401 3776 p.
428 3703 503 3778 197,
524 3702 604 3778 quod
622 3701 737 3761 Strabo
760 3700 827 3762 VII.
850 3721 879 3778 p.
899 3703 962 3762 302
987 3702 1163 3762 memoriam
1186 3721 1252 3762 sen-

176 3791 294 3852 tentiae
322 3808 390 3848 cum
417 3789 557 3850 'carminis
584 3791 705 3850 nomine
735 3809 771 3849 cx
799 3791 914 3867 Ephori
946 3790 1081 3851 historiIs
1113 3792 1252 3852 hausisse

178 3880 327 3939 videatur.
374 3877 439 3938 Hoc
468 3883 570 3938 antem
592 3879 715 3938 minime
739 3879 916 3940 concludere
942 3879 1014 3940 licet
1037 3899 1073 3939 ex
1096 3879 1252 3942 Strabonis

177 3969 294 4044 verbis,
318 3965 371 4044 qui
393 3986 514 4027 versum
536 3961 751 4049 γλακτοφάγων
769 3967 811 4041 είς
829 3960 899 4028 αἶαν
921 3961 1051 4046 ἀπῆναις
1075 3962 1145 4029 οἰκί’
1169 3963 1253 4049 ἐχόν-

177 4080 235 4120 των
250 4077 288 4117 ex
302 4056 436 4116 Hesiodo
454 4056 634 4133 allegavisse
648 4057 802 4133 Ephorum
816 4077 884 4116 cum
898 4058 1036 4132 sentiret,
1059 4057 1124 4132 ipse
1143 4057 1180 4116 de
1199 4076 1252 4118 suo

177 4147 296 4209 addidit
330 4142 364 4204 ἕν
394 4147 430 4226 τῆ
457 4143 625 4228 καλουμένῃ
652 4149 707 4226 γῆς
734 4137 874 4230 περιόδῳ.
919 4145 1000 4206 Nam
1030 4149 1108 4206 vere'
1129 4145 1253 4205 Hesiodi
1359 4182 1363 4192 ‹

175 4255 300 4300 carmen
328 4233 356 4294 si
383 4233 492 4296 diisset
520 4236 582 4313 Γῆς
604 4233 757 4314 περίοδος,
785 4239 866 4296 certe
892 4253 953 4295 non
976 4233 1141 4296 addidisset
1163 4229 1254 4314 ἕντῆ

174 4320 350 4406 καλουμένῃ
374 4322 491 4384 Strabo.
530 4322 574 4383 Of.
596 4324 633 4384 fr.
660 4325 733 4385 189.

1000 4420 1039 4475 d*
