2904 4900
263 253 330 316 370
589 256 762 308 Ηυιοιον
779 257 843 308 τοι
861 257 1018 309 οιιΗΡον

312 410 408 494 ἔξοχα
432 406 464 476 θ’
486 405 666 496 Ἀργείους,
690 415 726 477 οἳ
745 408 806 497 τὴν
828 411 999 499 θεοτειχέα
1027 417 1151 500 Τροίην

354 513 500 602 ἤρειψαν
522 513 646 602 ποινὴν
670 514 823 605 ἠυκόμου
842 515 985 606 Ἑλένης.
1235 532 1238 540 ’

311 611 353 688 ού
376 619 475 720 χάριν
498 626 636 709 ἔστησεν
660 627 766 712 θημος
789 624 1027 712 μεγαλόπτολις
1050 621 1155 692 αὐτὸν

355 725 481 795 ἐνθάδε
503 729 559 797 καὶ
581 743 692 817 τιμαῖς
714 728 858 818 ἀμφέπει
882 729 1072 800 ἀθανάτων.

227 873 245 922 5
354 851 570 940 ἑνδιατρίψας
604 853 641 921 δὲ
677 860 717 943 τῇ
750 854 845 924 πόλει
873 855 999 943 χρόνον
1030 852 1106 922 τινὰ
1136 855 1327 922 διέπλευσεν

264 960 313 1039 είς
336 961 454 1045 Δῆλον
473 963 520 1040 είς
542 958 605 1046 τὴν
622 962 824 1051 πανήγυριν.
855 963 911 1030 καὶ
930 962 1066 1041 σταθεὶς
1084 961 1137 1028 ἐπὶ
1155 957 1217 1028 τὸν
1236 958 1326 1047 κερά-

262 1090 359 1134 τινον
382 1063 499 1152 βωμὸν
522 1068 610 1152 λέγει
633 1066 745 1155 ὕμνον
769 1073 816 1148 είς
836 1065 1039 1153 Ἀπόλλωνα,
1062 1059 1104 1135 οὗ
1127 1064 1148 1152 ἡ
1172 1063 1273 1154 άρχη·

307 1188 478 1277 μνήσομαι
501 1189 582 1259 οὐδὲ
605 1191 762 1281 λάθωμαι
784 1190 993 1272 ’Λπόλλωνος
1016 1189 1157 1259 ἑκάτοιο.
1416 1168 1417 1246 λ

210 1387 244 1437 1⁰
351 1315 517 1401 ῥηθέντος
541 1314 578 1382 δέ
600 1319 661 1383 τοῦ
685 1313 807 1403 ὕμνου,
831 1319 866 1385 οί
886 1315 948 1403 μὲν
962 1314 1079 1395 Ἴωνες
1107 1319 1250 1401 πολίτην
1274 1311 1327 1382 αύ-
1417 1324 1418 1398 λ

207 1417 322 1526 326τὸν
345 1417 464 1487 κοινὸν
488 1420 699 1507 ἐποιήσαντο,
719 1420 843 1508 Δήλιοι
867 1421 904 1490 δὲ
927 1420 1115 1509 γράψαντες
1136 1419 1176 1488 τά
1201 1425 1264 1507 ἔπη
1284 1423 1327 1498 εἰς
1343 1439 1368 1486 45

262 1526 416 1615 λεύκωμα
439 1525 612 1614 ἀνέθηκαν
636 1529 673 1595 ἐν
701 1532 746 1619 τῷ
774 1532 834 1614 τῆς
858 1526 1048 1617 Ἀρτέμιὸος
1075 1530 1164 1620 ἱερῷ.
1210 1530 1272 1612 τῆς
1294 1526 1327 1593 δὲ
1418 1480 1419 1560 λ

260 1635 478 1721 πανηγύρεως
506 1638 681 1718 λυθείσης,
710 1631 727 1701 ὁ
752 1632 867 1720 ποιητί
874 1661 890 1713 ς
917 1637 964 1714 είς
981 1631 1055 1701 Ἴον
1080 1638 1217 1701 ἔπλευσε
1250 1631 1328 1720 πρὸς

260 1739 473 1828 Κρεύγνλον
500 1737 596 1807 κάκεῑ
621 1739 747 1828 χρόνον
778 1742 937 1830 διέτριβε,
968 1741 1155 1829 πρεσβύτης
1183 1735 1233 1807 ὢν
1258 1738 1328 1827 ἤδη.

180 1895 188 1912 .
260 1847 314 1914 έπὶ
347 1844 384 1913 δὲ
416 1848 475 1931 τῆς
512 1844 687 1932 θαλάσσης
723 1846 936 1934 καθήμενος,
965 1851 1096 1915 παίδων
1129 1850 1236 1915 τινῶν
1274 1843 1326 1932 ἀφ’
1420 1792 1421 1880 λ

207 1973 240 2022 15
260 1948 374 2032 άλείας
396 1952 595 2038 ἐρχομένων,
620 1950 665 2030 ὥς
687 1972 782 2039 φασι,
804 1951 1008 2041 πυθόμενος,

327 2054 449 2140 ἄνδρες
481 2054 537 2124 ἀπ’
571 2055 745 2144 Ἀρκαθίης
779 2058 981 2146 θηρήτορες,
1013 2051 1034 2145 ἦ
1067 2057 1099 2146 ῤ’
1135 2061 1256 2147 ἔχομέν
1284 2086 1327 2138 τις

259 2160 427 2231 εἰπόντων
452 2161 482 2230 δ’
509 2165 661 2233 ἐκείνων·
1422 2195 1423 2202 “

327 2267 401 2338 όσσ’
419 2271 538 2358 ἕλομεν
561 2269 753 2357 λιπόμεσθ’,
770 2269 833 2339 ὅσα
855 2268 886 2338 δ’
904 2268 965 2358 οὐχ
985 2271 1104 2358 έλομεν
1122 2270 1327 2360 φερόμεσθα,

259 2375 300 2446 ού
333 2376 459 2465 νοήσας
490 2375 528 2446 τὸ
561 2380 699 2465 λεχθέν,
732 2377 829 2467 ἤρετο
855 2373 976 2456 αὐτοὺς
1008 2373 1028 2444 ὅ
1054 2404 1086 2444 τι
1110 2378 1252 2464 λέγοιεν.
1297 2379 1329 2445 οί
1423 2411 1424 2414 “

205 2505 241 2555 20
261 2485 301 2552 δέ
331 2504 436 2571 φασιν
469 2485 506 2552 έν
539 2481 635 2575 άλείρι
666 2483 728 2571 μὲν
761 2482 922 2572 άγρεῦσαι
952 2483 1074 2570 μηδέν,
1109 2484 1326 2574 έφθειρίσθαι
1422 2415 1425 2542 λ

260 2592 307 2677 δέ,
329 2591 384 2657 καὶ
407 2595 476 2658 τῶν
499 2594 655 2677 φθειρῶν
680 2585 738 2669 οὓς
762 2594 883 2675 ἔλαβον
902 2596 1103 2675 καταλιπεῖν,
1129 2585 1189 2668 οὓς
1214 2589 1247 2658 θ’
1269 2588 1326 2659 ούκ

258 2701 381 2781 ἔλαβον
414 2698 451 2764 έν
488 2710 558 2776 τοῖς
592 2699 735 2784 ίματίοις
767 2697 891 2784 φέρειν.
937 2692 1168 2782 ἀναμνησθεὶς
1201 2696 1239 2764 δὲ
1269 2699 1326 2766 τοῦ

258 2808 433 2890 μαντείου,
463 2800 514 2870 ὅτι
542 2801 579 2871 τὸ
608 2805 701 2882 τέλος
729 2799 834 2870 αὐτοῦ
862 2798 937 2888 ἥκοι
964 2805 1025 2869 τοῦ
1051 2806 1145 2887 βίον,
1174 2818 1268 2871 ποιεῖ
1290 2800 1325 2870 τὸ

257 2912 318 2976 τοῦ
350 2906 462 2994 τάφου
499 2904 608 2975 αὑτοῦ
648 2908 844 2997 ἐπίγραμμα.
895 2904 1081 2996 άναχωροῑν
1119 2907 1151 2975 θ’
1187 2910 1326 2994 ἐκείθεν,

200 3037 238 3086 25
258 3014 357 3094 ὄντος
379 3018 503 3100 πηλοῦ,
527 3011 679 3082 ὀλισθὼν
702 3015 758 3082 καὶ
780 3010 891 3080 πεσὼν
916 3013 968 3080 ἐπὶ
990 3010 1052 3098 τὴν
1074 3015 1237 3104 πλευράν,
1261 3042 1325 3103 τρι·

255 3135 365 3207 ταῖος,
394 3119 440 3200 ὥς
467 3139 567 3206 φασι,
599 3125 744 3212 τελευτᾷ.
789 3120 845 3188 καὶ
878 3117 982 3206 ἐτάφη
1017 3121 1054 3187 έν
1076 3119 1144 3210 Ἵςο.
1191 3127 1261 3189 έστι
1290 3119 1325 3187 δὲ

255 3225 293 3296 τὸ
319 3228 508 3313 ἐπίγραμμα
531 3226 624 3294 τόδε·

300 3348 427 3420 ἐνθάδε
445 3347 508 3436 τὴν
532 3346 626 3437 ίερὴν
649 3349 801 3437 κεφαλὴν
824 3346 906 3417 κατὰ
925 3361 1008 3435 ,γαῖα
1030 3348 1199 3436 καλύπτει,

301 3457 439 3547 ανδρων
463 3453 586 3544 ἡριόων
609 3456 808 3545 κοσμήτορα,
831 3463 928 3522 θεῖον
943 3451 1101 3543 Ὅμηρον.

327 3654 361 3710 V.
381 3661 407 3711 2.
435 3649 575 3724 ποινὴν]
594 3653 617 3707 F
635 3653 746 3720 ποινῆς.
767 3667 835 3706 corr.
855 3650 949 3704 Barn.

327 3726 360 3782 V.
380 3732 406 3782 3.
435 3720 742 3795 μεγαλόπτολιςΠ
771 3716 964 3792 μεγαλόπολις.
992 3736 1061 3777 corr.
1081 3720 1109 3775 S.

326 3796 360 3853 V.
381 3802 422 3850 13.
451 3793 677 3866 Κρεάφυλον]
697 3793 719 3847 F
738 3788 906 3863 κρεόφυλον.
926 3805 993 3847 corr.
1014 3790 1217 3862 Stephanus.

326 3865 361 3920 V.
380 3871 423 3920 15.
452 3857 940 3938 ἁλείας]81οολίολτοᾶλείριλ“.
968 3859 1094 3919 Goettl.
1113 3879 1128 3917 e
1153 3865 1225 3920 coni.
1245 3864 1323 3919 Bar·

255 3935 345 3992 nesii
362 3931 471 3998 όιλιείας
490 3939 520 3992 et
538 3933 638 4012 ἁλιείᾳ.

326 4007 360 4062 V.
390 4012 431 4062 18.
474 4003 668 4078 λιπόμεσθ’,
696 3999 759 4061 ὅσα
787 3999 833 4073 θ’]
863 4003 884 4057 λ’
916 4000 1077 4074 λιπόμεσθα
1109 3998 1149 4067 ὃς.
1197 4005 1323 4061 (λοελλλ.

254 4073 430 4147 λιπόμεσθα,
454 4071 510 4133 ὅτ’.
530 4095 599 4135 corr.
619 4079 726 4133 Nietz.
850 4137 864 4158 Η

326 4148 358 4204 V.
379 4154 422 4204 23.
459 4143 550 4220 ἥκοι]
571 4149 616 4205 Sic
635 4149 666 4206 F.
699 4145 827 4203 Goeffl
845 4163 916 4213 ηκει.

681 4293 893 4303 -...----
