<?xml version="1.0" encoding="UTF-8"?>
<!DOCTYPE html PUBLIC "-//W3C//DTD XHTML 1.0 Transitional//EN"
    "http://www.w3.org/TR/xhtml1/DTD/xhtml1-transitional.dtd">
<html xmlns="http://www.w3.org/1999/xhtml" xml:lang="en" lang="en">
 <head>
  <title>
</title>
<meta http-equiv="Content-Type" content="text/html;charset=utf-8" />
  <meta name='ocr-system' content='tesseract 3.04.00' />
  <meta name='ocr-capabilities' content='ocr_page ocr_carea ocr_par ocr_line ocrx_word'/>
</head>
<body>
  <div class='ocr_page' id='page_1' title='image "./hesiodicarmina02hesigoog_0139.png"; bbox 0 0 2948 4896; ppageno 0'>
   <div class='ocr_carea' id='block_1_1' title="bbox 209 290 822 355">
    <p class='ocr_par' dir='ltr' id='par_1_1' title="bbox 209 290 822 355">
     <span class='ocr_line' id='line_1_1' title="bbox 209 290 822 355; baseline 0 -13"><span class='ocrx_word' id='word_1_1' title='bbox 209 291 253 355; x_wconf 87' lang='lat'><strong>34</strong></span> <span class='ocrx_word' id='word_1_2' title='bbox 653 290 822 342; x_wconf 76' lang='lat' dir='ltr'><strong>HrIoror</strong></span> 
     </span>
    </p>
   </div>
   <div class='ocr_carea' id='block_1_2' title="bbox 209 441 1132 849">
    <p class='ocr_par' dir='ltr' id='par_1_2' title="bbox 209 441 1132 849">
     <span class='ocr_line' id='line_1_2' title="bbox 209 441 1110 531; baseline -0.003 -19"><span class='ocrx_word' id='word_1_3' title='bbox 209 446 265 512; x_wconf 85' lang='grc' dir='ltr'><em>καλ</em></span> <span class='ocrx_word' id='word_1_4' title='bbox 290 450 418 530; x_wconf 78' lang='grc' dir='ltr'><em>Μελίτη</em></span> <span class='ocrx_word' id='word_1_5' title='bbox 442 447 601 531; x_wconf 77' lang='grc' dir='ltr'><strong><em>χαρίεσσα</em></strong></span> <span class='ocrx_word' id='word_1_6' title='bbox 624 443 680 510; x_wconf 81' lang='grc' dir='ltr'><em>καὶ</em></span> <span class='ocrx_word' id='word_1_7' title='bbox 703 441 873 531; x_wconf 82' lang='grc' dir='ltr'><em>Εὐλιμένη</em></span> <span class='ocrx_word' id='word_1_8' title='bbox 897 444 952 511; x_wconf 83' lang='grc' dir='ltr'><em>καὶ</em></span> <span class='ocrx_word' id='word_1_9' title='bbox 973 441 1110 530; x_wconf 77' lang='grc' dir='ltr'><em>Ἀγαυή,</em></span> 
     </span>
     <span class='ocr_line' id='line_1_3' title="bbox 209 548 1079 645; baseline -0.002 -27"><span class='ocrx_word' id='word_1_10' title='bbox 209 553 367 645; x_wconf 78' lang='grc' dir='ltr'><em>Πασιθέη</em></span> <span class='ocrx_word' id='word_1_11' title='bbox 391 549 420 619; x_wconf 90' lang='grc' dir='ltr'><em>τ’</em></span> <span class='ocrx_word' id='word_1_12' title='bbox 443 549 567 636; x_wconf 82' lang='grc' dir='ltr'><em>Ἐραττό</em></span> <span class='ocrx_word' id='word_1_13' title='bbox 590 575 625 617; x_wconf 83' lang='grc' dir='ltr'><strong>τε</strong></span> <span class='ocrx_word' id='word_1_14' title='bbox 647 551 703 617; x_wconf 82' lang='grc' dir='ltr'><em>καὶ</em></span> <span class='ocrx_word' id='word_1_15' title='bbox 726 548 854 636; x_wconf 83' lang='grc' dir='ltr'><em>Εὐνίκη</em></span> <span class='ocrx_word' id='word_1_16' title='bbox 875 549 1079 637; x_wconf 79' lang='grc' dir='ltr'><em>ῥοδόπηχυς,</em></span> 
     </span>
     <span class='ocr_line' id='line_1_4' title="bbox 210 654 1132 742; baseline 0 -18"><span class='ocrx_word' id='word_1_17' title='bbox 210 655 318 724; x_wconf 78' lang='grc' dir='ltr'><em>Δωτώ</em></span> <span class='ocrx_word' id='word_1_18' title='bbox 342 682 376 724; x_wconf 90' lang='grc' dir='ltr'><strong>τε</strong></span> <span class='ocrx_word' id='word_1_19' title='bbox 399 654 538 742; x_wconf 78' lang='grc' dir='ltr'><em>Πρωθοό</em></span> <span class='ocrx_word' id='word_1_20' title='bbox 560 681 611 740; x_wconf 85' lang='grc' dir='ltr'><strong>τε,</strong></span> <span class='ocrx_word' id='word_1_21' title='bbox 637 655 792 738; x_wconf 76' lang='grc' dir='ltr'><em>Φέρουσά</em></span> <span class='ocrx_word' id='word_1_22' title='bbox 815 682 850 723; x_wconf 90' lang='grc' dir='ltr'><strong>τε</strong></span> <span class='ocrx_word' id='word_1_23' title='bbox 874 656 1057 742; x_wconf 80' lang='grc' dir='ltr'><em>Δυναμένη</em></span> <span class='ocrx_word' id='word_1_24' title='bbox 1081 681 1132 741; x_wconf 86' lang='grc' dir='ltr'><strong>τε,</strong></span> 
     </span>
     <span class='ocr_line' id='line_1_5' title="bbox 210 758 989 849; baseline -0.001 -20"><span class='ocrx_word' id='word_1_25' title='bbox 210 767 346 849; x_wconf 86' lang='grc' dir='ltr'><em>Νησαίη</em></span> <span class='ocrx_word' id='word_1_26' title='bbox 368 788 404 830; x_wconf 89' lang='grc' dir='ltr'><strong>τε</strong></span> <span class='ocrx_word' id='word_1_27' title='bbox 426 761 482 828; x_wconf 77' lang='grc' dir='ltr'><em>καὶ</em></span> <span class='ocrx_word' id='word_1_28' title='bbox 501 758 632 848; x_wconf 84' lang='grc' dir='ltr'><em>Ἀκταίη</em></span> <span class='ocrx_word' id='word_1_29' title='bbox 655 761 711 828; x_wconf 83' lang='grc' dir='ltr'><em>καὶ</em></span> <span class='ocrx_word' id='word_1_30' title='bbox 735 764 989 848; x_wconf 80' lang='grc' dir='ltr'><em>Πρωτομέδεια,</em></span> 
     </span>
    </p>
   </div>
   <div class='ocr_carea' id='block_1_3' title="bbox 210 863 1376 955">
    <p class='ocr_par' dir='ltr' id='par_1_3' title="bbox 210 863 1376 955">
     <span class='ocr_line' id='line_1_6' title="bbox 210 863 1376 955; baseline 0.002 -20"><span class='ocrx_word' id='word_1_31' title='bbox 210 867 326 955; x_wconf 81' lang='grc' dir='ltr'><em>Δωρὶς</em></span> <span class='ocrx_word' id='word_1_32' title='bbox 348 868 403 934; x_wconf 87' lang='grc' dir='ltr'><em>καλ</em></span> <span class='ocrx_word' id='word_1_33' title='bbox 426 866 571 952; x_wconf 84' lang='grc' dir='ltr'><em>Πανόπη</em></span> <span class='ocrx_word' id='word_1_34' title='bbox 595 866 651 934; x_wconf 81' lang='grc' dir='ltr'><em>καὶ</em></span> <span class='ocrx_word' id='word_1_35' title='bbox 674 863 805 953; x_wconf 79' lang='grc' dir='ltr'><em>εὐειδὴς</em></span> <span class='ocrx_word' id='word_1_36' title='bbox 826 866 1005 951; x_wconf 80' lang='grc' dir='ltr'><em>Γαλάτεια,</em></span> <span class='ocrx_word' id='word_1_37' title='bbox 1061 919 1064 923; x_wconf 81' lang='lat'><em>-</em></span> <span class='ocrx_word' id='word_1_38' title='bbox 1225 887 1278 938; x_wconf 87' lang='grc'><strong>260</strong></span> <span class='ocrx_word' id='word_1_39' title='bbox 1372 937 1376 946; x_wconf 75' lang='grc'><em>,</em></span> 
     </span>
    </p>
   </div>
   <div class='ocr_carea' id='block_1_4' title="bbox 205 969 1074 1060">
    <p class='ocr_par' dir='ltr' id='par_1_4' title="bbox 205 969 1074 1060">
     <span class='ocr_line' id='line_1_7' title="bbox 205 969 1074 1060; baseline -0.003 -19"><span class='ocrx_word' id='word_1_40' title='bbox 205 971 370 1060; x_wconf 78' lang='grc' dir='ltr'><em>Ἱπποθόη</em></span> <span class='ocrx_word' id='word_1_41' title='bbox 394 970 422 1040; x_wconf 89' lang='grc' dir='ltr'><em>τ’</em></span> <span class='ocrx_word' id='word_1_42' title='bbox 449 971 589 1060; x_wconf 80' lang='grc' dir='ltr'><em>ἐρόεσσα</em></span> <span class='ocrx_word' id='word_1_43' title='bbox 611 972 667 1039; x_wconf 81' lang='grc' dir='ltr'><em>καὶ</em></span> <span class='ocrx_word' id='word_1_44' title='bbox 686 969 845 1058; x_wconf 85' lang='grc' dir='ltr'><em>Ἱππονόη</em></span> <span class='ocrx_word' id='word_1_45' title='bbox 870 971 1074 1059; x_wconf 77' lang='grc' dir='ltr'><em>ῥοδόπηχυς,</em></span> 
     </span>
    </p>
   </div>
   <div class='ocr_carea' id='block_1_5' title="bbox 98 1071 1040 1170">
    <p class='ocr_par' dir='ltr' id='par_1_5' title="bbox 98 1071 1040 1170">
     <span class='ocr_line' id='line_1_8' title="bbox 98 1071 1040 1170; baseline -0.001 -23"><span class='ocrx_word' id='word_1_46' title='bbox 98 1071 101 1077; x_wconf 54' lang='grc'><strong>’</strong></span> <span class='ocrx_word' id='word_1_47' title='bbox 209 1077 395 1166; x_wconf 86' lang='grc' dir='ltr'><em>Κυμοδόκη</em></span> <span class='ocrx_word' id='word_1_48' title='bbox 418 1075 469 1163; x_wconf 77' lang='grc' dir='ltr'><em>θ’,</em></span> <span class='ocrx_word' id='word_1_49' title='bbox 492 1075 512 1166; x_wconf 84' lang='grc' dir='ltr'><em>ἣ</em></span> <span class='ocrx_word' id='word_1_50' title='bbox 536 1077 654 1166; x_wconf 85' lang='grc' dir='ltr'><em>κύματ’</em></span> <span class='ocrx_word' id='word_1_51' title='bbox 681 1081 719 1146; x_wconf 81' lang='grc' dir='ltr'><em>ἐν</em></span> <span class='ocrx_word' id='word_1_52' title='bbox 742 1075 907 1165; x_wconf 76' lang='grc' dir='ltr'><em>ἠεροειδέι·</em></span> <span class='ocrx_word' id='word_1_53' title='bbox 927 1077 1040 1170; x_wconf 79' lang='grc' dir='ltr'><em>πόντῳ</em></span> 
     </span>
    </p>
   </div>
   <div class='ocr_carea' id='block_1_6' title="bbox 208 1183 1056 1274">
    <p class='ocr_par' dir='ltr' id='par_1_6' title="bbox 208 1183 1056 1274">
     <span class='ocr_line' id='line_1_9' title="bbox 208 1183 1056 1274; baseline 0.008 -28"><span class='ocrx_word' id='word_1_54' title='bbox 208 1184 330 1264; x_wconf 71' lang='grc' dir='ltr'><em>πνοιάς</em></span> <span class='ocrx_word' id='word_1_55' title='bbox 351 1210 386 1252; x_wconf 90' lang='grc' dir='ltr'><strong>τε</strong></span> <span class='ocrx_word' id='word_1_56' title='bbox 410 1189 561 1272; x_wconf 77' lang='grc' dir='ltr'><em>ζαχρηιόν</em></span> <span class='ocrx_word' id='word_1_57' title='bbox 585 1183 719 1272; x_wconf 81' lang='grc' dir='ltr'><em>αἰνὲμων</em></span> <span class='ocrx_word' id='word_1_58' title='bbox 743 1183 807 1251; x_wconf 83' lang='grc' dir='ltr'><strong>σὺν</strong></span> <span class='ocrx_word' id='word_1_59' title='bbox 830 1183 1056 1274; x_wconf 74' lang='grc' dir='ltr'><em>Κυματολήγῃ</em></span> 
     </span>
    </p>
   </div>
   <div class='ocr_carea' id='block_1_7' title="bbox 208 1395 1286 2739">
    <p class='ocr_par' dir='ltr' id='par_1_7' title="bbox 209 1395 1276 1536">
     <span class='ocr_line' id='line_1_10' title="bbox 279 1395 1276 1453; baseline -0.001 0"><span class='ocrx_word' id='word_1_60' title='bbox 279 1399 315 1453; x_wconf 93' lang='lat' dir='ltr'><strong>V.</strong></span> <span class='ocrx_word' id='word_1_61' title='bbox 334 1403 394 1453; x_wconf 89' lang='grc'><strong>246.</strong></span> <span class='ocrx_word' id='word_1_62' title='bbox 414 1402 474 1452; x_wconf 83' lang='grc'><strong>247.</strong></span> <span class='ocrx_word' id='word_1_63' title='bbox 515 1397 547 1450; x_wconf 88' lang='grc'><strong>10</strong></span> <span class='ocrx_word' id='word_1_64' title='bbox 566 1397 648 1452; x_wconf 86' lang='lat' dir='ltr'><strong>Taur.</strong></span> <span class='ocrx_word' id='word_1_65' title='bbox 668 1395 727 1450; x_wconf 79' lang='lat' dir='ltr'><strong>Mn.</strong></span> <span class='ocrx_word' id='word_1_66' title='bbox 744 1402 768 1451; x_wconf 88' lang='lat'><strong>3.</strong></span> <span class='ocrx_word' id='word_1_67' title='bbox 799 1395 855 1452; x_wconf 92' lang='lat' dir='ltr'><strong>Vl.</strong></span> <span class='ocrx_word' id='word_1_68' title='bbox 887 1395 948 1451; x_wconf 85' lang='lat' dir='ltr'><strong>Par.</strong></span> <span class='ocrx_word' id='word_1_69' title='bbox 972 1396 1008 1450; x_wconf 88' lang='lat' dir='ltr'><strong>al.</strong></span> <span class='ocrx_word' id='word_1_70' title='bbox 1028 1403 1088 1452; x_wconf 88' lang='grc'><strong>247.</strong></span> <span class='ocrx_word' id='word_1_71' title='bbox 1109 1403 1169 1452; x_wconf 88' lang='grc'><strong>246.</strong></span> <span class='ocrx_word' id='word_1_72' title='bbox 1210 1398 1276 1452; x_wconf 72' lang='lat' dir='ltr'><strong>Rea.</strong></span> 
     </span>
     <span class='ocr_line' id='line_1_11' title="bbox 209 1461 858 1536; baseline -0.006 -12"><span class='ocrx_word' id='word_1_73' title='bbox 209 1469 349 1526; x_wconf 88' lang='lat' dir='ltr'><strong>Koechl.</strong></span> <span class='ocrx_word' id='word_1_74' title='bbox 386 1468 440 1522; x_wconf 88' lang='lat' dir='ltr'><strong>Pro</strong></span> <span class='ocrx_word' id='word_1_75' title='bbox 460 1465 593 1536; x_wconf 74' lang='grc' dir='ltr'><em>Πασιθέη</em></span> <span class='ocrx_word' id='word_1_76' title='bbox 612 1469 694 1522; x_wconf 84' lang='lat' dir='ltr'><strong>Taur.</strong></span> <span class='ocrx_word' id='word_1_77' title='bbox 714 1461 858 1535; x_wconf 77' lang='grc' dir='ltr'><em>Πασιθόη.</em></span> 
     </span>
    </p>

    <p class='ocr_par' dir='ltr' id='par_1_8' title="bbox 210 1533 1276 1820">
     <span class='ocr_line' id='line_1_12' title="bbox 280 1533 1275 1609; baseline 0.001 -14"><span class='ocrx_word' id='word_1_78' title='bbox 280 1541 315 1595; x_wconf 96' lang='lat' dir='ltr'><strong>V.</strong></span> <span class='ocrx_word' id='word_1_79' title='bbox 334 1545 395 1594; x_wconf 89' lang='grc'><strong>247.</strong></span> <span class='ocrx_word' id='word_1_80' title='bbox 432 1533 557 1606; x_wconf 62' lang='lat' dir='ltr'><strong>reveren</strong></span> <span class='ocrx_word' id='word_1_81' title='bbox 576 1539 656 1594; x_wconf 83' lang='lat' dir='ltr'><strong>codd.</strong></span> <span class='ocrx_word' id='word_1_82' title='bbox 675 1538 767 1604; x_wconf 78' lang='lat' dir='ltr'><strong>Iltym.</strong></span> <span class='ocrx_word' id='word_1_83' title='bbox 781 1537 818 1594; x_wconf 88' lang='lat' dir='ltr'><strong>M.</strong></span> <span class='ocrx_word' id='word_1_84' title='bbox 833 1555 860 1606; x_wconf 89' lang='lat' dir='ltr'><strong>p.</strong></span> <span class='ocrx_word' id='word_1_85' title='bbox 875 1541 937 1606; x_wconf 84' lang='lat'><strong>393,</strong></span> <span class='ocrx_word' id='word_1_86' title='bbox 952 1543 995 1607; x_wconf 91' lang='grc'><strong>31,</strong></span> <span class='ocrx_word' id='word_1_87' title='bbox 1014 1539 1111 1596; x_wconf 85' lang='lat' dir='ltr'><strong>Wolf.</strong></span> <span class='ocrx_word' id='word_1_88' title='bbox 1131 1539 1275 1609; x_wconf 89' lang='lat' dir='ltr'><strong>Lennep.</strong></span> 
     </span>
     <span class='ocr_line' id='line_1_13' title="bbox 210 1605 1275 1679; baseline -0.002 -13"><span class='ocrx_word' id='word_1_89' title='bbox 210 1611 334 1667; x_wconf 86' lang='lat' dir='ltr'><strong>Goettl.</strong></span> <span class='ocrx_word' id='word_1_90' title='bbox 358 1608 426 1664; x_wconf 86' lang='lat' dir='ltr'><strong>Pal.</strong></span> <span class='ocrx_word' id='word_1_91' title='bbox 450 1611 585 1664; x_wconf 87' lang='lat' dir='ltr'><strong>Koechl.</strong></span> <span class='ocrx_word' id='word_1_92' title='bbox 604 1609 651 1665; x_wconf 78' lang='lat' dir='ltr'><strong>Vl.</strong></span> <span class='ocrx_word' id='word_1_93' title='bbox 693 1608 800 1662; x_wconf 86' lang='lat' dir='ltr'><strong>Tuetnr</strong></span> <span class='ocrx_word' id='word_1_94' title='bbox 817 1609 991 1664; x_wconf 86' lang='lat' dir='ltr'><strong>Muetzell.</strong></span> <span class='ocrx_word' id='word_1_95' title='bbox 1015 1628 1042 1679; x_wconf 92' lang='lat' dir='ltr'><strong>p.</strong></span> <span class='ocrx_word' id='word_1_96' title='bbox 1062 1616 1104 1664; x_wconf 87' lang='grc'><strong>91.</strong></span> <span class='ocrx_word' id='word_1_97' title='bbox 1142 1605 1275 1678; x_wconf 85' lang='grc' dir='ltr'><em>Εόνίκη</em></span> 
     </span>
     <span class='ocr_line' id='line_1_14' title="bbox 210 1679 1276 1750; baseline 0 -14"><span class='ocrx_word' id='word_1_98' title='bbox 210 1682 281 1750; x_wconf 87' lang='grc'><strong>0001.</strong></span> <span class='ocrx_word' id='word_1_99' title='bbox 316 1679 484 1735; x_wconf 78' lang='lat' dir='ltr'><strong>Graevius</strong></span> <span class='ocrx_word' id='word_1_100' title='bbox 517 1697 551 1734; x_wconf 87' lang='lat' dir='ltr'><strong>ex</strong></span> <span class='ocrx_word' id='word_1_101' title='bbox 583 1679 713 1750; x_wconf 83' lang='lat' dir='ltr'><strong>Apollod.</strong></span> <span class='ocrx_word' id='word_1_102' title='bbox 742 1681 767 1746; x_wconf 88' lang='grc' dir='ltr'><strong>Ι,</strong></span> <span class='ocrx_word' id='word_1_103' title='bbox 795 1685 811 1732; x_wconf 96' lang='grc'><strong>2</strong></span> <span class='ocrx_word' id='word_1_104' title='bbox 847 1679 1032 1749; x_wconf 75' lang='lat' dir='ltr'><strong>probantibus</strong></span> <span class='ocrx_word' id='word_1_105' title='bbox 1068 1681 1276 1749; x_wconf 77' lang='lat' dir='ltr'>Hermanno,</span> 
     </span>
     <span class='ocr_line' id='line_1_15' title="bbox 211 1749 746 1820; baseline -0.007 -13"><span class='ocrx_word' id='word_1_106' title='bbox 211 1753 361 1807; x_wconf 82' lang='lat' dir='ltr'><strong>Schoem.</strong></span> <span class='ocrx_word' id='word_1_107' title='bbox 382 1767 426 1820; x_wconf 92' lang='lat' dir='ltr'><strong>op.</strong></span> <span class='ocrx_word' id='word_1_108' title='bbox 445 1751 471 1804; x_wconf 97' lang='lat' dir='ltr'><strong>II</strong></span> <span class='ocrx_word' id='word_1_109' title='bbox 489 1768 516 1819; x_wconf 89' lang='lat' dir='ltr'><strong>p.</strong></span> <span class='ocrx_word' id='word_1_110' title='bbox 537 1756 601 1818; x_wconf 89' lang='grc'><em>166,</em></span> <span class='ocrx_word' id='word_1_111' title='bbox 619 1749 746 1805; x_wconf 85' lang='lat' dir='ltr'><strong>Welck.</strong></span> 
     </span>
    </p>

    <p class='ocr_par' dir='ltr' id='par_1_9' title="bbox 208 1815 1277 2382">
     <span class='ocr_line' id='line_1_16' title="bbox 279 1815 1277 1892; baseline 0 -15"><span class='ocrx_word' id='word_1_112' title='bbox 279 1822 314 1877; x_wconf 98' lang='lat' dir='ltr'><strong>V.</strong></span> <span class='ocrx_word' id='word_1_113' title='bbox 334 1827 394 1875; x_wconf 84' lang='lat'><strong>248.</strong></span> <span class='ocrx_word' id='word_1_114' title='bbox 431 1817 582 1892; x_wconf 74' lang='grc' dir='ltr'><em>Πραθιό]</em></span> <span class='ocrx_word' id='word_1_115' title='bbox 602 1815 715 1890; x_wconf 60' lang='lat' dir='ltr'><strong>noorai</strong></span> <span class='ocrx_word' id='word_1_116' title='bbox 740 1821 816 1888; x_wconf 87' lang='lat' dir='ltr'><strong>(nam</strong></span> <span class='ocrx_word' id='word_1_117' title='bbox 835 1816 963 1886; x_wconf 78' lang='grc' dir='ltr'><em>πρόδειν</em></span> <span class='ocrx_word' id='word_1_118' title='bbox 981 1841 1012 1876; x_wconf 86' lang='grc' dir='ltr'><strong>τε</strong></span> <span class='ocrx_word' id='word_1_119' title='bbox 1030 1817 1082 1884; x_wconf 75' lang='grc' dir='ltr'><em>τὰς</em></span> <span class='ocrx_word' id='word_1_120' title='bbox 1100 1822 1182 1890; x_wconf 82' lang='grc' dir='ltr'><em>νῆας)</em></span> <span class='ocrx_word' id='word_1_121' title='bbox 1201 1821 1277 1891; x_wconf 87' lang='lat' dir='ltr'><strong>lege·</strong></span> 
     </span>
     <span class='ocr_line' id='line_1_17' title="bbox 208 1886 1276 1960; baseline -0.004 -12"><span class='ocrx_word' id='word_1_122' title='bbox 208 1896 254 1948; x_wconf 86' lang='lat' dir='ltr'><strong>rat</strong></span> <span class='ocrx_word' id='word_1_123' title='bbox 271 1892 412 1946; x_wconf 86' lang='lat' dir='ltr'><strong>Diaconus</strong></span> <span class='ocrx_word' id='word_1_124' title='bbox 427 1890 482 1946; x_wconf 85' lang='lat' dir='ltr'><strong>All.</strong></span> <span class='ocrx_word' id='word_1_125' title='bbox 501 1910 528 1960; x_wconf 91' lang='lat' dir='ltr'><strong>p.</strong></span> <span class='ocrx_word' id='word_1_126' title='bbox 544 1897 605 1958; x_wconf 87' lang='grc'><em>661,</em></span> <span class='ocrx_word' id='word_1_127' title='bbox 620 1899 636 1946; x_wconf 93' lang='grc'><em>6</em></span> <span class='ocrx_word' id='word_1_128' title='bbox 655 1891 760 1958; x_wconf 73' lang='lat' dir='ltr'><strong>(Flacb.</strong></span> <span class='ocrx_word' id='word_1_129' title='bbox 780 1909 806 1960; x_wconf 93' lang='lat' dir='ltr'><strong>p.</strong></span> <span class='ocrx_word' id='word_1_130' title='bbox 822 1896 885 1959; x_wconf 83' lang='lat'><strong>313)</strong></span> <span class='ocrx_word' id='word_1_131' title='bbox 904 1892 933 1946; x_wconf 93' lang='lat' dir='ltr'><strong>in</strong></span> <span class='ocrx_word' id='word_1_132' title='bbox 952 1910 1034 1947; x_wconf 85' lang='lat' dir='ltr'><strong>versu</strong></span> <span class='ocrx_word' id='word_1_133' title='bbox 1047 1911 1073 1947; x_wconf 89' lang='lat' dir='ltr'><strong>v.</strong></span> <span class='ocrx_word' id='word_1_134' title='bbox 1089 1899 1150 1959; x_wconf 88' lang='grc'><em>243,</em></span> <span class='ocrx_word' id='word_1_135' title='bbox 1169 1886 1276 1960; x_wconf 65' lang='lat' dir='ltr'><strong>liparo?</strong></span> 
     </span>
     <span class='ocr_line' id='line_1_18' title="bbox 208 1959 1277 2033; baseline 0 -17"><span class='ocrx_word' id='word_1_136' title='bbox 208 1963 239 2016; x_wconf 93' lang='lat' dir='ltr'><strong>in</strong></span> <span class='ocrx_word' id='word_1_137' title='bbox 257 1981 282 2016; x_wconf 87' lang='lat' dir='ltr'><strong>v.</strong></span> <span class='ocrx_word' id='word_1_138' title='bbox 303 1967 368 2028; x_wconf 88' lang='grc'><em>248,</em></span> <span class='ocrx_word' id='word_1_139' title='bbox 393 1961 442 2016; x_wconf 85' lang='lat' dir='ltr'><strong>sed</strong></span> <span class='ocrx_word' id='word_1_140' title='bbox 464 1961 494 2014; x_wconf 92' lang='lat' dir='ltr'><strong>in</strong></span> <span class='ocrx_word' id='word_1_141' title='bbox 511 1962 574 2016; x_wconf 85' lang='lat' dir='ltr'><strong>aliis</strong></span> <span class='ocrx_word' id='word_1_142' title='bbox 593 1961 797 2031; x_wconf 76' lang='lat' dir='ltr'><strong>exemplaribus</strong></span> <span class='ocrx_word' id='word_1_143' title='bbox 815 1980 841 2018; x_wconf 85' lang='lat' dir='ltr'><strong>v.</strong></span> <span class='ocrx_word' id='word_1_144' title='bbox 862 1969 914 2018; x_wconf 89' lang='grc'><strong>248</strong></span> <span class='ocrx_word' id='word_1_145' title='bbox 934 1959 1047 2031; x_wconf 78' lang='grc' dir='ltr'><em>Πρωθό</em></span> <span class='ocrx_word' id='word_1_146' title='bbox 1066 1963 1225 2033; x_wconf 87' lang='lat' dir='ltr'><strong>legebatur,</strong></span> <span class='ocrx_word' id='word_1_147' title='bbox 1245 1965 1277 2016; x_wconf 85' lang='lat' dir='ltr'><strong>ut</strong></span> 
     </span>
     <span class='ocr_line' id='line_1_19' title="bbox 209 2029 1276 2102; baseline -0.002 -14"><span class='ocrx_word' id='word_1_148' title='bbox 209 2051 243 2088; x_wconf 90' lang='lat' dir='ltr'><strong>ex</strong></span> <span class='ocrx_word' id='word_1_149' title='bbox 260 2033 340 2086; x_wconf 89' lang='lat' dir='ltr'><strong>Diae.</strong></span> <span class='ocrx_word' id='word_1_150' title='bbox 359 2049 386 2100; x_wconf 92' lang='lat' dir='ltr'><strong>p.</strong></span> <span class='ocrx_word' id='word_1_151' title='bbox 407 2037 467 2099; x_wconf 84' lang='lat'><strong>561,</strong></span> <span class='ocrx_word' id='word_1_152' title='bbox 486 2038 521 2086; x_wconf 91' lang='grc'><strong>20</strong></span> <span class='ocrx_word' id='word_1_153' title='bbox 539 2035 628 2102; x_wconf 86' lang='lat' dir='ltr'><strong>patet,</strong></span> <span class='ocrx_word' id='word_1_154' title='bbox 647 2031 695 2087; x_wconf 91' lang='lat' dir='ltr'><strong>nbi</strong></span> <span class='ocrx_word' id='word_1_155' title='bbox 714 2032 750 2086; x_wconf 85' lang='lat' dir='ltr'><strong>ad</strong></span> <span class='ocrx_word' id='word_1_156' title='bbox 768 2050 793 2087; x_wconf 90' lang='lat' dir='ltr'><strong>v.</strong></span> <span class='ocrx_word' id='word_1_157' title='bbox 814 2039 866 2088; x_wconf 91' lang='grc'><strong>243</strong></span> <span class='ocrx_word' id='word_1_158' title='bbox 891 2029 997 2102; x_wconf 83' lang='grc' dir='ltr'><em>Πρωτό</em></span> <span class='ocrx_word' id='word_1_159' title='bbox 1016 2031 1276 2102; x_wconf 72' lang='lat' dir='ltr'><strong>interpretationem</strong></span> 
     </span>
     <span class='ocr_line' id='line_1_20' title="bbox 209 2098 1276 2184; baseline -0.002 -26"><span class='ocrx_word' id='word_1_160' title='bbox 209 2103 328 2173; x_wconf 87' lang='lat' dir='ltr'><strong>apponit</strong></span> <span class='ocrx_word' id='word_1_161' title='bbox 345 2100 377 2156; x_wconf 87' lang='grc' dir='ltr'><strong>τό</strong></span> <span class='ocrx_word' id='word_1_162' title='bbox 396 2122 425 2157; x_wconf 88' lang='grc' dir='ltr'><strong>τε</strong></span> <span class='ocrx_word' id='word_1_163' title='bbox 445 2098 560 2170; x_wconf 72' lang='grc' dir='ltr'><em>πραόνως</em></span> <span class='ocrx_word' id='word_1_164' title='bbox 579 2099 762 2174; x_wconf 78' lang='grc' dir='ltr'><em>ἐπεμβαίνειν</em></span> <span class='ocrx_word' id='word_1_165' title='bbox 780 2104 830 2173; x_wconf 81' lang='grc' dir='ltr'><em>τῆς</em></span> <span class='ocrx_word' id='word_1_166' title='bbox 847 2100 1002 2172; x_wconf 77' lang='grc' dir='ltr'><strong>θαλάσσης.</strong></span> <span class='ocrx_word' id='word_1_167' title='bbox 1034 2104 1160 2158; x_wconf 80' lang='lat' dir='ltr'><strong>Alteram</strong></span> <span class='ocrx_word' id='word_1_168' title='bbox 1178 2102 1276 2184; x_wconf 80' lang='lat' dir='ltr'><strong>lectio·</strong></span> 
     </span>
     <span class='ocr_line' id='line_1_21' title="bbox 210 2173 1275 2331; baseline -0.001 -34"><span class='ocrx_word' id='word_1_169' title='bbox 210 2173 559 2331; x_wconf 61' lang='grc' dir='ltr'><strong>111231111ἓῖ3·</strong></span> <span class='ocrx_word' id='word_1_170' title='bbox 572 2174 1275 2314; x_wconf 46' lang='lat' dir='ltr'><strong>e.{tr-etriteneele{ers</strong></span> 
     </span>
     <span class='ocr_line' id='line_1_22' title="bbox 209 2310 1252 2382; baseline 0.006 -14"><span class='ocrx_word' id='word_1_171' title='bbox 209 2333 239 2370; x_wconf 91' lang='grc' dir='ltr'><strong>τε</strong></span> <span class='ocrx_word' id='word_1_172' title='bbox 262 2314 391 2369; x_wconf 72' lang='lat' dir='ltr'><strong>Poenive</strong></span> <span class='ocrx_word' id='word_1_173' title='bbox 411 2316 458 2370; x_wconf 80' lang='lat' dir='ltr'><strong>vel</strong></span> <span class='ocrx_word' id='word_1_174' title='bbox 476 2311 564 2369; x_wconf 85' lang='grc' dir='ltr'><em>Δωτιό</em></span> <span class='ocrx_word' id='word_1_175' title='bbox 582 2311 608 2368; x_wconf 87' lang='grc' dir='ltr'><em>τ’</em></span> <span class='ocrx_word' id='word_1_176' title='bbox 630 2310 752 2382; x_wconf 81' lang='grc' dir='ltr'><em>Εόρωτό</em></span> <span class='ocrx_word' id='word_1_177' title='bbox 771 2335 810 2371; x_wconf 85' lang='grc' dir='ltr'><em>τε.</em></span> <span class='ocrx_word' id='word_1_178' title='bbox 1250 2369 1252 2374; x_wconf 95' lang='grc'><strong>.</strong></span> 
     </span>
    </p>

    <p class='ocr_par' dir='ltr' id='par_1_10' title="bbox 210 2380 1274 2528">
     <span class='ocr_line' id='line_1_23' title="bbox 280 2380 1274 2457; baseline 0 -17"><span class='ocrx_word' id='word_1_179' title='bbox 280 2385 314 2441; x_wconf 89' lang='lat' dir='ltr'><strong>V.</strong></span> <span class='ocrx_word' id='word_1_180' title='bbox 335 2392 395 2440; x_wconf 89' lang='grc'><strong>249.</strong></span> <span class='ocrx_word' id='word_1_181' title='bbox 422 2405 452 2440; x_wconf 88' lang='grc' dir='ltr'><strong>τε</strong></span> <span class='ocrx_word' id='word_1_182' title='bbox 468 2387 548 2441; x_wconf 89' lang='lat' dir='ltr'><strong>abest</strong></span> <span class='ocrx_word' id='word_1_183' title='bbox 563 2403 580 2440; x_wconf 89' lang='lat' dir='ltr'><strong>a</strong></span> <span class='ocrx_word' id='word_1_184' title='bbox 593 2386 652 2440; x_wconf 80' lang='lat' dir='ltr'><strong>Me.</strong></span> <span class='ocrx_word' id='word_1_185' title='bbox 672 2387 727 2443; x_wconf 91' lang='lat' dir='ltr'><strong>Vl.</strong></span> <span class='ocrx_word' id='word_1_186' title='bbox 746 2387 808 2443; x_wconf 90' lang='lat' dir='ltr'><strong>Par.</strong></span> <span class='ocrx_word' id='word_1_187' title='bbox 824 2417 857 2428; x_wconf 91' lang='lat'><strong>--</strong></span> <span class='ocrx_word' id='word_1_188' title='bbox 875 2383 1021 2457; x_wconf 77' lang='grc' dir='ltr'><em>Ἀκταίη]</em></span> <span class='ocrx_word' id='word_1_189' title='bbox 1041 2380 1274 2454; x_wconf 73' lang='grc' dir='ltr'><strong>Ι),10(1.Ἆιιραίη.</strong></span> 
     </span>
     <span class='ocr_line' id='line_1_24' title="bbox 210 2453 1226 2528; baseline 0 -18"><span class='ocrx_word' id='word_1_190' title='bbox 210 2455 321 2512; x_wconf 83' lang='lat' dir='ltr'><strong>Nesea</strong></span> <span class='ocrx_word' id='word_1_191' title='bbox 338 2457 385 2511; x_wconf 83' lang='lat' dir='ltr'><strong>vel</strong></span> <span class='ocrx_word' id='word_1_192' title='bbox 402 2457 533 2512; x_wconf 84' lang='lat' dir='ltr'><strong>Nesaea</strong></span> <span class='ocrx_word' id='word_1_193' title='bbox 551 2458 595 2512; x_wconf 88' lang='lat' dir='ltr'><strong>est</strong></span> <span class='ocrx_word' id='word_1_194' title='bbox 612 2457 688 2526; x_wconf 86' lang='lat' dir='ltr'><strong>apud</strong></span> <span class='ocrx_word' id='word_1_195' title='bbox 706 2457 802 2528; x_wconf 88' lang='lat' dir='ltr'><strong>Verg.</strong></span> <span class='ocrx_word' id='word_1_196' title='bbox 822 2459 890 2513; x_wconf 82' lang='lat' dir='ltr'><strong>Aen.</strong></span> <span class='ocrx_word' id='word_1_197' title='bbox 909 2457 943 2523; x_wconf 87' lang='lat' dir='ltr'><strong>V,</strong></span> <span class='ocrx_word' id='word_1_198' title='bbox 962 2462 1022 2512; x_wconf 84' lang='lat'><strong>826.</strong></span> <span class='ocrx_word' id='word_1_199' title='bbox 1060 2453 1101 2512; x_wconf 82' lang='lat' dir='ltr'><strong>Cf.</strong></span> <span class='ocrx_word' id='word_1_200' title='bbox 1119 2476 1146 2513; x_wconf 80' lang='lat' dir='ltr'><strong>r.</strong></span> <span class='ocrx_word' id='word_1_201' title='bbox 1165 2462 1226 2510; x_wconf 88' lang='grc'><strong>261.</strong></span> 
     </span>
    </p>

    <p class='ocr_par' dir='ltr' id='par_1_11' title="bbox 209 2524 1286 2739">
     <span class='ocr_line' id='line_1_25' title="bbox 280 2524 1286 2597; baseline 0 -15"><span class='ocrx_word' id='word_1_202' title='bbox 280 2527 314 2582; x_wconf 92' lang='lat' dir='ltr'><strong>V.</strong></span> <span class='ocrx_word' id='word_1_203' title='bbox 337 2534 398 2583; x_wconf 86' lang='grc'><strong>260.</strong></span> <span class='ocrx_word' id='word_1_204' title='bbox 444 2524 606 2597; x_wconf 86' lang='grc' dir='ltr'><em>Πανόπη]</em></span> <span class='ocrx_word' id='word_1_205' title='bbox 639 2524 791 2583; x_wconf 84' lang='grc' dir='ltr'><em>Πανόπεια</em></span> <span class='ocrx_word' id='word_1_206' title='bbox 819 2546 887 2584; x_wconf 86' lang='lat' dir='ltr'><strong>corr.</strong></span> <span class='ocrx_word' id='word_1_207' title='bbox 916 2529 1023 2584; x_wconf 85' lang='lat' dir='ltr'><strong>Herm.</strong></span> <span class='ocrx_word' id='word_1_208' title='bbox 1048 2527 1134 2597; x_wconf 87' lang='lat' dir='ltr'><strong>Orph.</strong></span> <span class='ocrx_word' id='word_1_209' title='bbox 1162 2545 1189 2597; x_wconf 88' lang='lat' dir='ltr'><strong>p.</strong></span> <span class='ocrx_word' id='word_1_210' title='bbox 1215 2527 1286 2583; x_wconf 87' lang='grc' dir='ltr'><strong>728.Ι</strong></span> 
     </span>
     <span class='ocr_line' id='line_1_26' title="bbox 211 2597 1276 2670; baseline 0 -18"><span class='ocrx_word' id='word_1_211' title='bbox 211 2597 256 2652; x_wconf 87' lang='lat' dir='ltr'><strong>Sic</strong></span> <span class='ocrx_word' id='word_1_212' title='bbox 275 2599 302 2652; x_wconf 91' lang='lat' dir='ltr'>N</span> <span class='ocrx_word' id='word_1_213' title='bbox 308 2615 380 2654; x_wconf 90' lang='lat' dir='ltr'><strong>onn.</strong></span> <span class='ocrx_word' id='word_1_214' title='bbox 400 2598 482 2653; x_wconf 88' lang='lat' dir='ltr'><strong>Dion.</strong></span> <span class='ocrx_word' id='word_1_215' title='bbox 501 2598 596 2667; x_wconf 80' lang='lat' dir='ltr'><strong>XLIII,</strong></span> <span class='ocrx_word' id='word_1_216' title='bbox 616 2604 676 2653; x_wconf 83' lang='lat'><strong>264.</strong></span> <span class='ocrx_word' id='word_1_217' title='bbox 696 2603 725 2654; x_wconf 90' lang='lat' dir='ltr'><strong>et</strong></span> <span class='ocrx_word' id='word_1_218' title='bbox 742 2599 840 2670; x_wconf 82' lang='lat' dir='ltr'><strong>Verg.</strong></span> <span class='ocrx_word' id='word_1_219' title='bbox 860 2602 927 2656; x_wconf 87' lang='lat' dir='ltr'><strong>Aen.</strong></span> <span class='ocrx_word' id='word_1_220' title='bbox 947 2600 981 2667; x_wconf 93' lang='lat' dir='ltr'><strong>V,</strong></span> <span class='ocrx_word' id='word_1_221' title='bbox 1001 2605 1060 2654; x_wconf 87' lang='grc'><strong>240.</strong></span> <span class='ocrx_word' id='word_1_222' title='bbox 1082 2604 1141 2653; x_wconf 79' lang='grc'><strong>766.</strong></span> <span class='ocrx_word' id='word_1_223' title='bbox 1175 2599 1230 2652; x_wconf 87' lang='lat' dir='ltr'><strong>Sed</strong></span> <span class='ocrx_word' id='word_1_224' title='bbox 1248 2616 1276 2653; x_wconf 89' lang='lat' dir='ltr'><strong>v.</strong></span> 
     </span>
     <span class='ocr_line' id='line_1_27' title="bbox 209 2664 1275 2739; baseline -0.003 -17"><span class='ocrx_word' id='word_1_225' title='bbox 209 2669 331 2724; x_wconf 85' lang='lat' dir='ltr'><strong>Lobeck.</strong></span> <span class='ocrx_word' id='word_1_226' title='bbox 351 2667 442 2724; x_wconf 89' lang='lat' dir='ltr'><strong>Paral.</strong></span> <span class='ocrx_word' id='word_1_227' title='bbox 465 2688 493 2739; x_wconf 92' lang='lat' dir='ltr'><strong>p.</strong></span> <span class='ocrx_word' id='word_1_228' title='bbox 512 2675 574 2724; x_wconf 85' lang='lat'><strong>321.</strong></span> <span class='ocrx_word' id='word_1_229' title='bbox 596 2669 647 2724; x_wconf 88' lang='grc' dir='ltr'><em>καλ</em></span> <span class='ocrx_word' id='word_1_230' title='bbox 669 2664 859 2739; x_wconf 72' lang='grc' dir='ltr'><em>ἀγακλειτὴ</em></span> <span class='ocrx_word' id='word_1_231' title='bbox 881 2672 1021 2725; x_wconf 77' lang='grc' dir='ltr'><em>Γαλάτεια</em></span> <span class='ocrx_word' id='word_1_232' title='bbox 1040 2669 1112 2725; x_wconf 87' lang='grc'><strong>0001.</strong></span> <span class='ocrx_word' id='word_1_233' title='bbox 1130 2669 1171 2722; x_wconf 75' lang='lat' dir='ltr'><strong>sl.</strong></span> <span class='ocrx_word' id='word_1_234' title='bbox 1191 2667 1275 2738; x_wconf 84' lang='lat' dir='ltr'><strong>elleg.</strong></span> 
     </span>
    </p>
   </div>
   <div class='ocr_carea' id='block_1_8' title="bbox 116 2739 423 2806">
    <p class='ocr_par' dir='ltr' id='par_1_12' title="bbox 116 2739 423 2806">
     <span class='ocr_line' id='line_1_28' title="bbox 116 2739 423 2806; baseline 0.013 -15"><span class='ocrx_word' id='word_1_235' title='bbox 116 2755 119 2763; x_wconf 92' lang='lat'><em>·</em></span> <span class='ocrx_word' id='word_1_236' title='bbox 208 2739 242 2793; x_wconf 96' lang='lat' dir='ltr'><strong>Il.</strong></span> <span class='ocrx_word' id='word_1_237' title='bbox 260 2739 361 2806; x_wconf 89' lang='lat' dir='ltr'><strong>XVIII,</strong></span> <span class='ocrx_word' id='word_1_238' title='bbox 380 2745 423 2795; x_wconf 82' lang='grc'><strong>411.</strong></span> 
     </span>
    </p>
   </div>
   <div class='ocr_carea' id='block_1_9' title="bbox 207 2807 1275 3094">
    <p class='ocr_par' dir='ltr' id='par_1_13' title="bbox 209 2807 1274 2949">
     <span class='ocr_line' id='line_1_29' title="bbox 280 2807 1274 2882; baseline -0.001 -18"><span class='ocrx_word' id='word_1_239' title='bbox 280 2810 314 2864; x_wconf 87' lang='lat' dir='ltr'><strong>V.</strong></span> <span class='ocrx_word' id='word_1_240' title='bbox 328 2816 389 2864; x_wconf 89' lang='lat'><strong>252.</strong></span> <span class='ocrx_word' id='word_1_241' title='bbox 417 2807 618 2882; x_wconf 60' lang='grc' dir='ltr'><em>Κυμοδόκη]</em></span> <span class='ocrx_word' id='word_1_242' title='bbox 642 2809 676 2866; x_wconf 91' lang='lat' dir='ltr'><strong>V.</strong></span> <span class='ocrx_word' id='word_1_243' title='bbox 695 2811 792 2882; x_wconf 87' lang='lat' dir='ltr'><strong>Verg.</strong></span> <span class='ocrx_word' id='word_1_244' title='bbox 812 2813 880 2866; x_wconf 84' lang='lat' dir='ltr'><strong>Aen.</strong></span> <span class='ocrx_word' id='word_1_245' title='bbox 895 2810 930 2879; x_wconf 90' lang='lat' dir='ltr'><strong>V,</strong></span> <span class='ocrx_word' id='word_1_246' title='bbox 944 2816 1005 2865; x_wconf 91' lang='grc'><strong>826.</strong></span> <span class='ocrx_word' id='word_1_247' title='bbox 1035 2809 1083 2864; x_wconf 83' lang='lat' dir='ltr'><strong>Ge.</strong></span> <span class='ocrx_word' id='word_1_248' title='bbox 1101 2807 1149 2876; x_wconf 92' lang='lat' dir='ltr'><strong>IV,</strong></span> <span class='ocrx_word' id='word_1_249' title='bbox 1164 2813 1225 2863; x_wconf 82' lang='grc'><strong>338.</strong></span> <span class='ocrx_word' id='word_1_250' title='bbox 1240 2839 1274 2848; x_wconf 94' lang='grc'>-</span> 
     </span>
     <span class='ocr_line' id='line_1_30' title="bbox 209 2873 471 2949; baseline 0.008 -15"><span class='ocrx_word' id='word_1_251' title='bbox 209 2873 414 2949; x_wconf 58' lang='grc' dir='ltr'><em>ήιροὲειδέϊ</em></span> <span class='ocrx_word' id='word_1_252' title='bbox 430 2879 471 2936; x_wconf 82' lang='lat' dir='ltr'><strong>Fl.</strong></span> 
     </span>
    </p>

    <p class='ocr_par' dir='ltr' id='par_1_14' title="bbox 207 2949 1275 3094">
     <span class='ocr_line' id='line_1_31' title="bbox 280 2949 1275 3023; baseline -0.002 -16"><span class='ocrx_word' id='word_1_253' title='bbox 280 2952 313 3007; x_wconf 93' lang='lat' dir='ltr'><strong>V.</strong></span> <span class='ocrx_word' id='word_1_254' title='bbox 328 2957 388 3006; x_wconf 83' lang='lat'><strong>253.</strong></span> <span class='ocrx_word' id='word_1_255' title='bbox 423 2951 590 3023; x_wconf 77' lang='grc' dir='ltr'><em>ζαχρηῶν]</em></span> <span class='ocrx_word' id='word_1_256' title='bbox 615 2951 662 3008; x_wconf 82' lang='grc'><strong>810</strong></span> <span class='ocrx_word' id='word_1_257' title='bbox 680 2953 839 3023; x_wconf 77' lang='lat' dir='ltr'><strong>scripsimus</strong></span> <span class='ocrx_word' id='word_1_258' title='bbox 859 2968 874 3006; x_wconf 89' lang='lat' dir='ltr'><strong>e</strong></span> <span class='ocrx_word' id='word_1_259' title='bbox 893 2950 963 3006; x_wconf 91' lang='lat' dir='ltr'><strong>coni.</strong></span> <span class='ocrx_word' id='word_1_260' title='bbox 984 2951 1116 3004; x_wconf 81' lang='lat' dir='ltr'><strong>Schccr.</strong></span> <span class='ocrx_word' id='word_1_261' title='bbox 1137 2949 1169 3004; x_wconf 93' lang='lat' dir='ltr'><strong>V.</strong></span> <span class='ocrx_word' id='word_1_262' title='bbox 1189 2949 1275 3005; x_wconf 90' lang='lat' dir='ltr'><strong>schol.</strong></span> 
     </span>
     <span class='ocr_line' id='line_1_32' title="bbox 207 3015 1082 3094; baseline 0 -20"><span class='ocrx_word' id='word_1_263' title='bbox 207 3015 283 3091; x_wconf 74' lang='grc' dir='ltr'><em>ἄγαν</em></span> <span class='ocrx_word' id='word_1_264' title='bbox 300 3018 454 3094; x_wconf 81' lang='grc' dir='ltr'><em>πνεόντων.</em></span> <span class='ocrx_word' id='word_1_265' title='bbox 492 3022 576 3093; x_wconf 87' lang='lat' dir='ltr'><strong>Vulg.</strong></span> <span class='ocrx_word' id='word_1_266' title='bbox 595 3022 718 3089; x_wconf 78' lang='grc' dir='ltr'><em>ζαθέων.</em></span> <span class='ocrx_word' id='word_1_267' title='bbox 754 3023 872 3092; x_wconf 83' lang='lat' dir='ltr'><strong>Bergk.</strong></span> <span class='ocrx_word' id='word_1_268' title='bbox 892 3021 962 3076; x_wconf 90' lang='lat' dir='ltr'><strong>coni.</strong></span> <span class='ocrx_word' id='word_1_269' title='bbox 983 3018 1082 3086; x_wconf 81' lang='grc' dir='ltr'><em>ζαέων.</em></span> 
     </span>
    </p>
   </div>
   <div class='ocr_carea' id='block_1_10' title="bbox 208 3211 1277 4346">
    <p class='ocr_par' dir='ltr' id='par_1_15' title="bbox 208 3211 1276 3639">
     <span class='ocr_line' id='line_1_33' title="bbox 244 3211 1276 3289; baseline 0 -19"><span class='ocrx_word' id='word_1_270' title='bbox 244 3215 278 3271; x_wconf 93' lang='lat' dir='ltr'><strong>V.</strong></span> <span class='ocrx_word' id='word_1_271' title='bbox 302 3222 362 3271; x_wconf 89' lang='grc'><strong>246.</strong></span> <span class='ocrx_word' id='word_1_272' title='bbox 411 3211 544 3287; x_wconf 76' lang='grc' dir='ltr'><em>Ἀγαυή]</em></span> <span class='ocrx_word' id='word_1_273' title='bbox 577 3217 716 3289; x_wconf 81' lang='lat' dir='ltr'><strong>Analogia</strong></span> <span class='ocrx_word' id='word_1_274' title='bbox 770 3214 870 3269; x_wconf 89' lang='lat' dir='ltr'><strong>Melius</strong></span> <span class='ocrx_word' id='word_1_275' title='bbox 884 3213 1017 3269; x_wconf 85' lang='lat' dir='ltr'><strong>Lehrsins</strong></span> <span class='ocrx_word' id='word_1_276' title='bbox 1035 3215 1104 3284; x_wconf 91' lang='lat' dir='ltr'><strong>Pop.</strong></span> <span class='ocrx_word' id='word_1_277' title='bbox 1119 3215 1184 3274; x_wconf 79' lang='lat' dir='ltr'><strong>Aul.</strong></span> <span class='ocrx_word' id='word_1_278' title='bbox 1198 3233 1225 3285; x_wconf 94' lang='lat' dir='ltr'><strong>p.</strong></span> <span class='ocrx_word' id='word_1_279' title='bbox 1242 3221 1276 3270; x_wconf 89' lang='grc'><strong>99</strong></span> 
     </span>
     <span class='ocr_line' id='line_1_34' title="bbox 208 3282 1276 3356; baseline 0 -16"><span class='ocrx_word' id='word_1_280' title='bbox 208 3287 374 3353; x_wconf 84' lang='lat' dir='ltr'><strong>postulabat</strong></span> <span class='ocrx_word' id='word_1_281' title='bbox 385 3282 498 3355; x_wconf 72' lang='grc' dir='ltr'><em>Ἀγαόης</em></span> <span class='ocrx_word' id='word_1_282' title='bbox 516 3305 542 3341; x_wconf 89' lang='lat' dir='ltr'><strong>v.</strong></span> <span class='ocrx_word' id='word_1_283' title='bbox 557 3287 664 3343; x_wconf 88' lang='lat' dir='ltr'><strong>Herm.</strong></span> <span class='ocrx_word' id='word_1_284' title='bbox 677 3287 716 3348; x_wconf 85' lang='lat' dir='ltr'><strong>ad</strong></span> <span class='ocrx_word' id='word_1_285' title='bbox 770 3285 1276 3356; x_wconf 68' lang='grc' dir='ltr'><strong>(120),οω1103000010810011001</strong></span> 
     </span>
     <span class='ocr_line' id='line_1_35' title="bbox 211 3355 1274 3414; baseline -0.001 -3"><span class='ocrx_word' id='word_1_286' title='bbox 211 3357 275 3412; x_wconf 86' lang='lat' dir='ltr'><strong>Eur.</strong></span> <span class='ocrx_word' id='word_1_287' title='bbox 286 3357 386 3414; x_wconf 86' lang='lat' dir='ltr'><strong>Bacch.</strong></span> <span class='ocrx_word' id='word_1_288' title='bbox 397 3363 439 3412; x_wconf 86' lang='grc'><strong>27.</strong></span> <span class='ocrx_word' id='word_1_289' title='bbox 460 3355 515 3411; x_wconf 82' lang='lat' dir='ltr'><strong>Sed</strong></span> <span class='ocrx_word' id='word_1_290' title='bbox 525 3357 566 3414; x_wconf 85' lang='lat' dir='ltr'><strong>ita</strong></span> <span class='ocrx_word' id='word_1_291' title='bbox 578 3359 715 3414; x_wconf 89' lang='lat' dir='ltr'><strong>recentio-</strong></span> <span class='ocrx_word' id='word_1_292' title='bbox 769 3356 865 3410; x_wconf 86' lang='lat' dir='ltr'><strong>Hader</strong></span> <span class='ocrx_word' id='word_1_293' title='bbox 875 3357 1025 3412; x_wconf 88' lang='lat' dir='ltr'><strong>entsteht.“</strong></span> <span class='ocrx_word' id='word_1_294' title='bbox 1049 3355 1187 3411; x_wconf 88' lang='lat' dir='ltr'><strong>Muliebre</strong></span> <span class='ocrx_word' id='word_1_295' title='bbox 1197 3357 1274 3412; x_wconf 91' lang='lat' dir='ltr'><strong>deni·</strong></span> 
     </span>
     <span class='ocr_line' id='line_1_36' title="bbox 209 3423 1274 3498; baseline -0.002 -16"><span class='ocrx_word' id='word_1_296' title='bbox 209 3445 252 3482; x_wconf 85' lang='lat' dir='ltr'><strong>res</strong></span> <span class='ocrx_word' id='word_1_297' title='bbox 262 3431 371 3482; x_wconf 83' lang='lat' dir='ltr'><strong>tantum</strong></span> <span class='ocrx_word' id='word_1_298' title='bbox 382 3429 572 3498; x_wconf 87' lang='lat' dir='ltr'><strong>pronuntiant,</strong></span> <span class='ocrx_word' id='word_1_299' title='bbox 583 3433 617 3484; x_wconf 91' lang='lat' dir='ltr'><strong>ut</strong></span> <span class='ocrx_word' id='word_1_300' title='bbox 625 3429 715 3484; x_wconf 90' lang='lat' dir='ltr'><strong>Non·</strong></span> <span class='ocrx_word' id='word_1_301' title='bbox 770 3443 824 3496; x_wconf 90' lang='lat' dir='ltr'><strong>que</strong></span> <span class='ocrx_word' id='word_1_302' title='bbox 838 3423 1061 3482; x_wconf 70' lang='lat' dir='ltr'><strong>nomen&#39;Erivlsu</strong></span> <span class='ocrx_word' id='word_1_303' title='bbox 1071 3427 1147 3497; x_wconf 88' lang='lat' dir='ltr'><strong>apud</strong></span> <span class='ocrx_word' id='word_1_304' title='bbox 1158 3429 1274 3482; x_wconf 90' lang='lat' dir='ltr'><strong>Theocr.</strong></span> 
     </span>
     <span class='ocr_line' id='line_1_37' title="bbox 209 3497 1276 3569; baseline 0 -17"><span class='ocrx_word' id='word_1_305' title='bbox 209 3515 269 3552; x_wconf 87' lang='lat' dir='ltr'><strong>nus</strong></span> <span class='ocrx_word' id='word_1_306' title='bbox 280 3497 360 3561; x_wconf 83' lang='lat' dir='ltr'><strong>Dion.</strong></span> <span class='ocrx_word' id='word_1_307' title='bbox 371 3498 444 3566; x_wconf 89' lang='lat' dir='ltr'><strong>XXI,</strong></span> <span class='ocrx_word' id='word_1_308' title='bbox 457 3504 515 3553; x_wconf 90' lang='lat'><strong>112.</strong></span> <span class='ocrx_word' id='word_1_309' title='bbox 536 3499 576 3556; x_wconf 80' lang='lat' dir='ltr'><strong>CI.</strong></span> <span class='ocrx_word' id='word_1_310' title='bbox 588 3499 715 3569; x_wconf 81' lang='lat' dir='ltr'><strong>Spitzn.</strong></span> <span class='ocrx_word' id='word_1_311' title='bbox 770 3498 844 3567; x_wconf 93' lang='lat' dir='ltr'><strong>Xlll,</strong></span> <span class='ocrx_word' id='word_1_312' title='bbox 859 3504 892 3552; x_wconf 88' lang='grc'><strong>46</strong></span> <span class='ocrx_word' id='word_1_313' title='bbox 907 3498 1012 3568; x_wconf 88' lang='lat' dir='ltr'><strong>legitur</strong></span> <span class='ocrx_word' id='word_1_314' title='bbox 1031 3498 1090 3568; x_wconf 85' lang='lat' dir='ltr'><strong>(sed</strong></span> <span class='ocrx_word' id='word_1_315' title='bbox 1104 3517 1130 3553; x_wconf 83' lang='lat' dir='ltr'><strong>r.</strong></span> <span class='ocrx_word' id='word_1_316' title='bbox 1149 3499 1276 3569; x_wconf 82' lang='lat' dir='ltr'><strong>Ziegl.),</strong></span> 
     </span>
     <span class='ocr_line' id='line_1_38' title="bbox 210 3564 1276 3639; baseline 0.001 -15"><span class='ocrx_word' id='word_1_317' title='bbox 210 3569 247 3624; x_wconf 84' lang='lat' dir='ltr'><strong>ad</strong></span> <span class='ocrx_word' id='word_1_318' title='bbox 265 3569 297 3626; x_wconf 94' lang='lat' dir='ltr'><strong>Il.</strong></span> <span class='ocrx_word' id='word_1_319' title='bbox 316 3569 417 3637; x_wconf 88' lang='lat' dir='ltr'><strong>XVIII,</strong></span> <span class='ocrx_word' id='word_1_320' title='bbox 436 3576 480 3624; x_wconf 92' lang='grc'><strong>42.</strong></span> <span class='ocrx_word' id='word_1_321' title='bbox 550 3595 554 3602; x_wconf 92' lang='grc'><strong><em>·</em></strong></span> <span class='ocrx_word' id='word_1_322' title='bbox 771 3564 897 3624; x_wconf 78' lang='grc' dir='ltr'><em>Εὐνείκα</em></span> <span class='ocrx_word' id='word_1_323' title='bbox 907 3570 982 3639; x_wconf 89' lang='lat' dir='ltr'><strong>apud</strong></span> <span class='ocrx_word' id='word_1_324' title='bbox 993 3569 1108 3624; x_wconf 85' lang='lat' dir='ltr'><strong>Suidam</strong></span> <span class='ocrx_word' id='word_1_325' title='bbox 1116 3588 1143 3625; x_wconf 87' lang='lat' dir='ltr'><strong>v.</strong></span> <span class='ocrx_word' id='word_1_326' title='bbox 1154 3565 1276 3637; x_wconf 80' lang='grc' dir='ltr'><em>Σαπφό.</em></span> 
     </span>
    </p>

    <p class='ocr_par' dir='ltr' id='par_1_16' title="bbox 209 3633 1277 4346">
     <span class='ocr_line' id='line_1_39' title="bbox 244 3633 1273 3712; baseline 0 -18"><span class='ocrx_word' id='word_1_327' title='bbox 244 3639 278 3694; x_wconf 90' lang='lat' dir='ltr'><strong>V.</strong></span> <span class='ocrx_word' id='word_1_328' title='bbox 298 3645 358 3696; x_wconf 86' lang='grc'><strong>247.</strong></span> <span class='ocrx_word' id='word_1_329' title='bbox 400 3633 551 3712; x_wconf 83' lang='grc' dir='ltr'><em>Εόνίκη]</em></span> <span class='ocrx_word' id='word_1_330' title='bbox 579 3639 717 3694; x_wconf 82' lang='lat' dir='ltr'><strong>Victrix</strong></span> <span class='ocrx_word' id='word_1_331' title='bbox 805 3641 840 3695; x_wconf 91' lang='lat' dir='ltr'><strong>V.</strong></span> <span class='ocrx_word' id='word_1_332' title='bbox 877 3646 937 3694; x_wconf 82' lang='lat'><strong>249.</strong></span> <span class='ocrx_word' id='word_1_333' title='bbox 1009 3639 1273 3710; x_wconf 79' lang='grc' dir='ltr'><em>Πρωτομέδεια]</em></span> 
     </span>
     <span class='ocr_line' id='line_1_40' title="bbox 211 3709 1275 3782; baseline -0.001 -17"><span class='ocrx_word' id='word_1_334' title='bbox 211 3713 267 3778; x_wconf 87' lang='grc'><strong>001,</strong></span> <span class='ocrx_word' id='word_1_335' title='bbox 286 3712 361 3782; x_wconf 86' lang='lat' dir='ltr'><strong>quod</strong></span> <span class='ocrx_word' id='word_1_336' title='bbox 379 3727 481 3766; x_wconf 91' lang='lat' dir='ltr'><strong>nomen</strong></span> <span class='ocrx_word' id='word_1_337' title='bbox 499 3712 536 3766; x_wconf 81' lang='lat' dir='ltr'><strong>ad</strong></span> <span class='ocrx_word' id='word_1_338' title='bbox 554 3711 640 3766; x_wconf 88' lang='lat' dir='ltr'><strong>maris</strong></span> <span class='ocrx_word' id='word_1_339' title='bbox 658 3711 716 3765; x_wconf 87' lang='lat' dir='ltr'><strong>vim</strong></span> <span class='ocrx_word' id='word_1_340' title='bbox 770 3709 974 3781; x_wconf 81' lang='grc' dir='ltr'><em>Πρωτομέδεια</em></span> <span class='ocrx_word' id='word_1_341' title='bbox 994 3713 1037 3764; x_wconf 81' lang='lat' dir='ltr'><strong>est</strong></span> <span class='ocrx_word' id='word_1_342' title='bbox 1054 3711 1193 3765; x_wconf 86' lang='lat' dir='ltr'><strong>undarum</strong></span> <span class='ocrx_word' id='word_1_343' title='bbox 1211 3709 1275 3764; x_wconf 88' lang='lat' dir='ltr'><strong>lito·</strong></span> 
     </span>
     <span class='ocr_line' id='line_1_41' title="bbox 210 3780 1277 3852; baseline -0.003 -17"><span class='ocrx_word' id='word_1_344' title='bbox 210 3781 342 3840; x_wconf 84' lang='lat' dir='ltr'><strong>eximiam</strong></span> <span class='ocrx_word' id='word_1_345' title='bbox 355 3782 495 3852; x_wconf 81' lang='lat' dir='ltr'><strong>facileque</strong></span> <span class='ocrx_word' id='word_1_346' title='bbox 510 3782 653 3837; x_wconf 76' lang='lat' dir='ltr'><strong>obstantIa</strong></span> <span class='ocrx_word' id='word_1_347' title='bbox 671 3800 716 3837; x_wconf 89' lang='lat' dir='ltr'><strong>su·</strong></span> <span class='ocrx_word' id='word_1_348' title='bbox 770 3781 872 3836; x_wconf 85' lang='lat' dir='ltr'><strong>relium</strong></span> <span class='ocrx_word' id='word_1_349' title='bbox 899 3781 1094 3851; x_wconf 84' lang='lat' dir='ltr'><strong>gubernatrix,</strong></span> <span class='ocrx_word' id='word_1_350' title='bbox 1128 3782 1178 3836; x_wconf 90' lang='lat' dir='ltr'><strong>aut</strong></span> <span class='ocrx_word' id='word_1_351' title='bbox 1200 3780 1277 3837; x_wconf 82' lang='lat' dir='ltr'><strong>unda</strong></span> 
     </span>
     <span class='ocr_line' id='line_1_42' title="bbox 209 3848 1275 3922; baseline 0.003 -17"><span class='ocrx_word' id='word_1_352' title='bbox 209 3854 355 3920; x_wconf 85' lang='lat' dir='ltr'><strong>perantem</strong></span> <span class='ocrx_word' id='word_1_353' title='bbox 372 3853 503 3922; x_wconf 85' lang='lat' dir='ltr'><strong>pertinet.</strong></span> <span class='ocrx_word' id='word_1_354' title='bbox 530 3848 655 3921; x_wconf 85' lang='grc' dir='ltr'><em>Εόνείκη</em></span> <span class='ocrx_word' id='word_1_355' title='bbox 669 3869 717 3906; x_wconf 84' lang='lat' dir='ltr'><strong>au·</strong></span> <span class='ocrx_word' id='word_1_356' title='bbox 770 3851 901 3906; x_wconf 90' lang='lat' dir='ltr'><strong>litoribus</strong></span> <span class='ocrx_word' id='word_1_357' title='bbox 918 3850 1055 3921; x_wconf 89' lang='lat' dir='ltr'><strong>proxima.</strong></span> <span class='ocrx_word' id='word_1_358' title='bbox 1093 3851 1275 3908; x_wconf 68' lang='grc'><strong>01601000</strong></span> 
     </span>
     <span class='ocr_line' id='line_1_43' title="bbox 209 3921 1275 3992; baseline -0.002 -17"><span class='ocrx_word' id='word_1_359' title='bbox 209 3925 268 3976; x_wconf 87' lang='lat' dir='ltr'><strong>tem</strong></span> <span class='ocrx_word' id='word_1_360' title='bbox 277 3923 415 3992; x_wconf 86' lang='lat' dir='ltr'><strong>pertinere</strong></span> <span class='ocrx_word' id='word_1_361' title='bbox 428 3925 464 3978; x_wconf 90' lang='lat' dir='ltr'><strong>ad</strong></span> <span class='ocrx_word' id='word_1_362' title='bbox 479 3925 582 3978; x_wconf 90' lang='lat' dir='ltr'><strong>bonam</strong></span> <span class='ocrx_word' id='word_1_363' title='bbox 595 3923 717 3978; x_wconf 87' lang='lat' dir='ltr'><strong>aemula·</strong></span> <span class='ocrx_word' id='word_1_364' title='bbox 770 3940 797 3991; x_wconf 92' lang='lat' dir='ltr'><strong>p.</strong></span> <span class='ocrx_word' id='word_1_365' title='bbox 814 3927 878 3976; x_wconf 86' lang='lat'><strong>143:</strong></span> <span class='ocrx_word' id='word_1_366' title='bbox 902 3923 989 3992; x_wconf 85' lang='lat' dir='ltr'><strong>„geht</strong></span> <span class='ocrx_word' id='word_1_367' title='bbox 1006 3923 1151 3978; x_wconf 86' lang='lat' dir='ltr'><strong>vielleioht</strong></span> <span class='ocrx_word' id='word_1_368' title='bbox 1164 3921 1214 3976; x_wconf 83' lang='lat' dir='ltr'><strong>anf</strong></span> <span class='ocrx_word' id='word_1_369' title='bbox 1225 3921 1275 3974; x_wconf 83' lang='lat' dir='ltr'><strong>dae</strong></span> 
     </span>
     <span class='ocr_line' id='line_1_44' title="bbox 209 3991 1276 4065; baseline -0.002 -19"><span class='ocrx_word' id='word_1_370' title='bbox 209 3991 315 4047; x_wconf 87' lang='lat' dir='ltr'><strong>tionem</strong></span> <span class='ocrx_word' id='word_1_371' title='bbox 324 3995 531 4065; x_wconf 83' lang='lat' dir='ltr'><strong>negotiatorum</strong></span> <span class='ocrx_word' id='word_1_372' title='bbox 542 4011 607 4048; x_wconf 91' lang='lat' dir='ltr'><strong>cnm</strong></span> <span class='ocrx_word' id='word_1_373' title='bbox 619 3995 718 4048; x_wconf 90' lang='lat' dir='ltr'><strong>merci·</strong></span> <span class='ocrx_word' id='word_1_374' title='bbox 771 3992 835 4046; x_wconf 88' lang='lat' dir='ltr'><strong>dem</strong></span> <span class='ocrx_word' id='word_1_375' title='bbox 849 3991 916 4047; x_wconf 78' lang='lat' dir='ltr'><strong>Uter</strong></span> <span class='ocrx_word' id='word_1_376' title='bbox 930 3994 1046 4048; x_wconf 77' lang='grc'><strong>01011010</strong></span> <span class='ocrx_word' id='word_1_377' title='bbox 1060 3993 1118 4048; x_wconf 90' lang='lat' dir='ltr'><strong>und</strong></span> <span class='ocrx_word' id='word_1_378' title='bbox 1131 3992 1206 4046; x_wconf 86' lang='lat' dir='ltr'><strong>dann</strong></span> <span class='ocrx_word' id='word_1_379' title='bbox 1219 4007 1276 4045; x_wconf 85' lang='lat' dir='ltr'><strong>von</strong></span> 
     </span>
     <span class='ocr_line' id='line_1_45' title="bbox 210 4061 1275 4135; baseline 0.004 -19"><span class='ocrx_word' id='word_1_380' title='bbox 210 4062 262 4117; x_wconf 84' lang='lat' dir='ltr'><strong>bus</strong></span> <span class='ocrx_word' id='word_1_381' title='bbox 287 4065 483 4135; x_wconf 87' lang='lat' dir='ltr'><strong>navigantium</strong></span> <span class='ocrx_word' id='word_1_382' title='bbox 512 4063 608 4134; x_wconf 88' lang='lat' dir='ltr'><strong>inepte</strong></span> <span class='ocrx_word' id='word_1_383' title='bbox 633 4064 718 4119; x_wconf 89' lang='lat' dir='ltr'><strong>inter-</strong></span> <span class='ocrx_word' id='word_1_384' title='bbox 771 4064 826 4116; x_wconf 89' lang='lat' dir='ltr'><strong>den</strong></span> <span class='ocrx_word' id='word_1_385' title='bbox 850 4063 986 4118; x_wconf 83' lang='lat' dir='ltr'><strong>Schiffern</strong></span> <span class='ocrx_word' id='word_1_386' title='bbox 1009 4065 1102 4118; x_wconf 84' lang='lat' dir='ltr'><strong>nnerst</strong></span> <span class='ocrx_word' id='word_1_387' title='bbox 1124 4061 1275 4120; x_wconf 80' lang='lat' dir='ltr'><strong>befahrene</strong></span> 
     </span>
     <span class='ocr_line' id='line_1_46' title="bbox 209 4133 1276 4204; baseline 0 -18"><span class='ocrx_word' id='word_1_388' title='bbox 209 4135 337 4202; x_wconf 87' lang='lat' dir='ltr'><strong>pretatus</strong></span> <span class='ocrx_word' id='word_1_389' title='bbox 356 4138 417 4191; x_wconf 86' lang='lat' dir='ltr'><strong>eret</strong></span> <span class='ocrx_word' id='word_1_390' title='bbox 435 4135 603 4204; x_wconf 87' lang='lat' dir='ltr'><strong>Lennepins.</strong></span> <span class='ocrx_word' id='word_1_391' title='bbox 643 4133 717 4189; x_wconf 86' lang='lat' dir='ltr'><strong>Male</strong></span> <span class='ocrx_word' id='word_1_392' title='bbox 770 4133 874 4188; x_wconf 86' lang='lat' dir='ltr'><strong>Meer.“</strong></span> <span class='ocrx_word' id='word_1_393' title='bbox 926 4133 1017 4200; x_wconf 82' lang='lat' dir='ltr'><strong>Quare</strong></span> <span class='ocrx_word' id='word_1_394' title='bbox 1050 4150 1107 4188; x_wconf 90' lang='lat' dir='ltr'><strong>non</strong></span> <span class='ocrx_word' id='word_1_395' title='bbox 1133 4150 1204 4203; x_wconf 87' lang='lat' dir='ltr'><strong>opus</strong></span> <span class='ocrx_word' id='word_1_396' title='bbox 1232 4135 1276 4187; x_wconf 88' lang='lat' dir='ltr'><strong>est</strong></span> 
     </span>
     <span class='ocr_line' id='line_1_47' title="bbox 210 4203 1277 4274; baseline 0.006 -18"><span class='ocrx_word' id='word_1_397' title='bbox 210 4203 296 4258; x_wconf 88' lang='lat' dir='ltr'><strong>etiam</strong></span> <span class='ocrx_word' id='word_1_398' title='bbox 322 4205 511 4274; x_wconf 83' lang='lat' dir='ltr'><strong>Goettlingius</strong></span> <span class='ocrx_word' id='word_1_399' title='bbox 541 4206 624 4259; x_wconf 91' lang='lat' dir='ltr'><strong>deam</strong></span> <span class='ocrx_word' id='word_1_400' title='bbox 648 4221 718 4274; x_wconf 83' lang='lat' dir='ltr'><strong>esse,</strong></span> <span class='ocrx_word' id='word_1_401' title='bbox 771 4203 967 4260; x_wconf 89' lang='lat' dir='ltr'><strong>emendatione</strong></span> <span class='ocrx_word' id='word_1_402' title='bbox 1003 4203 1277 4262; x_wconf 74' lang='lat' dir='ltr'><strong>Blomfieldiana</strong></span> 
     </span>
     <span class='ocr_line' id='line_1_48' title="bbox 210 4273 1275 4346; baseline 0 -18"><span class='ocrx_word' id='word_1_403' title='bbox 210 4291 282 4342; x_wconf 89' lang='lat' dir='ltr'><strong>quae</strong></span> <span class='ocrx_word' id='word_1_404' title='bbox 306 4277 414 4331; x_wconf 85' lang='lat' dir='ltr'><strong>ancoris</strong></span> <span class='ocrx_word' id='word_1_405' title='bbox 433 4276 515 4330; x_wconf 86' lang='lat' dir='ltr'><strong>cedat</strong></span> <span class='ocrx_word' id='word_1_406' title='bbox 539 4275 587 4329; x_wconf 82' lang='lat' dir='ltr'><strong>vel</strong></span> <span class='ocrx_word' id='word_1_407' title='bbox 606 4279 716 4344; x_wconf 84' lang='lat' dir='ltr'><strong>parcat.</strong></span> <span class='ocrx_word' id='word_1_408' title='bbox 771 4274 808 4329; x_wconf 90' lang='lat' dir='ltr'><strong>ad</strong></span> <span class='ocrx_word' id='word_1_409' title='bbox 826 4277 925 4331; x_wconf 86' lang='lat' dir='ltr'><strong>Aesch.</strong></span> <span class='ocrx_word' id='word_1_410' title='bbox 942 4276 1018 4345; x_wconf 89' lang='lat' dir='ltr'><strong>Sept.</strong></span> <span class='ocrx_word' id='word_1_411' title='bbox 1034 4281 1093 4330; x_wconf 87' lang='grc'><strong>123.</strong></span> <span class='ocrx_word' id='word_1_412' title='bbox 1122 4273 1275 4346; x_wconf 81' lang='grc' dir='ltr'><em>Πρανομέ-</em></span> 
     </span>
    </p>
   </div>
   <div class='ocr_carea' id='block_1_11' title="bbox 0 0 1479 4896">
    <p class='ocr_par' dir='ltr' id='par_1_17' title="bbox 0 0 1479 4896">
     <span class='ocr_line' id='line_1_49' title="bbox 0 0 1479 4896; baseline 0 0"><span class='ocrx_word' id='word_1_413' title='bbox 0 0 1479 4896; x_wconf 95' lang='lat' dir='ltr'><strong> </strong></span> 
     </span>
    </p>
   </div>
  </div>
 </body>
</html>
