2904 4900
501 323 503 328 v
527 297 801 354 FRAGMENTA.

551 514 648 580 υΧΧ.
676 512 779 600 (155.)

205 637 346 692 Pausan.
365 639 400 706 11,
419 644 449 692 λι
478 638 643 705 Κορινθίως
661 634 694 691 δὲ
712 641 772 698 τοῖς
791 632 925 698 ἐπινείοις
942 629 978 688 τά
997 628 1125 704 ὀνόματα
1143 634 1196 689 Λέ-

125 745 188 795 χης
211 724 260 779 ιιαλ
284 728 424 796 Κεγχρίας
451 723 567 793 ἔδοσαν,
595 724 781 786 Ποσειδῶνος.
803 720 877 778 εἶναι
905 722 955 777 καί
976 717 1121 792 Πειρήνης
1147 723 1196 792 τῆς

119 808 267 888 Ἀχελρόου
294 809 457 885 λεγόμενοι·
483 815 635 882 πεποίηται
663 811 695 868 δὲ
726 808 756 867 ἐν
779 807 886 876 Ἠοίαις
913 806 1048 881 μεγάλαις
1072 808 1195 881 Οἰβάλου

119 902 281 974 θυγατέρα
301 899 375 958 εἶναι
393 898 545 972 Πειρήνην.

542 1081 653 1149 υΧΧΙ.
681 1079 785 1170 (156.)

206 1207 348 1261 Pausan.
372 1205 423 1275 VI,
447 1212 493 1260 21:
517 1200 668 1260 ἀπέθανεν
691 1202 723 1260 δὲ
748 1201 805 1259 ὑπὸ
829 1204 880 1259 τοῦ
900 1198 1045 1273 Οἰνομάου
1068 1199 1141 1258 κατά
1160 1200 1196 1257 τά

124 1291 189 1364 ἔπη
208 1290 259 1357 τάς
280 1289 404 1364 μεγάλας
425 1288 518 1358 Ἠοίας
538 1289 690 1357 Ἀλκάθους
712 1290 728 1348 ὁ
748 1286 931 1362 Πορθάονος,
957 1285 1091 1360 δεύτερος
1113 1281 1197 1353 οὖτος

127 1377 184 1437 ἒπλ
202 1383 239 1456 τῷ
258 1377 409 1453 Μάρμακι·
430 1378 499 1452 μετά
519 1379 551 1436 δὲ
568 1377 723 1437 Ἀλκάθουν
742 1376 892 1452 Εόράαλος
910 1379 958 1436 καί
977 1373 1148 1449 Εὖρόμαγός
1166 1399 1195 1433 τε

124 1473 184 1527 καὶ
202 1467 353 1541 Κρόταλος.
392 1469 431 1528 cf.
453 1472 563 1527 Schol.
583 1472 662 1526 Pind.
683 1471 726 1527 01.
745 1473 765 1541 Ι,
788 1477 846 1526 127.

533 1651 662 1720 oxxfl.
690 1652 794 1740 (σο.)

208 1775 317 1831 Schol.
341 1775 373 1829 II.
396 1773 500 1843 XXIV,
523 1781 571 1828 24:
595 1770 667 1828 ιιατά
691 1770 758 1837 τοός
776 1769 909 1830 Ἡσιόδου
932 1771 1045 1846 μύθους
1063 1768 1113 1828 τόν
1132 1774 1197 1846 βου-

125 1859 219 1920 κόλον
234 1858 305 1926 Ἰοὖς
324 1858 481 1932 ἐφόνευσεν
499 1857 631 1934 (Ἑρμῆς).

528 2060 674 2128 cxxffl.
701 2060 804 2147 (163.)

207 2182 317 2238 Sehol.
342 2183 435 2237 Pind.
463 2185 559 2240 Isthm.
583 2183 621 2251 V,
645 2189 693 2238 53:
723 2184 853 2252 εἰληπται
875 2181 908 2238 δὲ
934 2179 967 2238 ἐν
989 2184 1045 2238 τῶν
1071 2181 1199 2254 μεγάλων

126 2265 269 2339 Ἠοιῶνῆ
297 2269 417 2342 ἰστορία’
442 2267 505 2326 ἐιιεῐ
524 2268 578 2341 γάρ
602 2266 762 2339 εὑρίσκεται
785 2265 1004 2341 ἐπιξενούμενος
1027 2267 1042 2327 ὁ
1063 2266 1200 2340 Ἡρακλῆς

128 2359 173 2434 τῷ
199 2360 345 2430 Τελαμῶνι
368 2359 418 2414 καὶ
441 2355 585 2433 ἐμβαίνων
609 2360 642 2430 τῆ
666 2358 738 2434 δορᾷ
761 2359 810 2414 ιιαλ
833 2353 988 2430 εὐχόμενος
1010 2359 1060 2412 καί
1082 2351 1197 2421 οὖτοςό

129 2446 293 2520 διόπομπος
310 2444 402 2519 άετός,
420 2444 470 2519 ἄρ’
491 2442 525 2504 οὖ
544 2445 598 2518 τῆν
616 2451 814 2518 προςωνυμίαν
833 2446 934 2518 ἔλαβεν
952 2450 1029 2510 Δίας.

529 2628 673 2695 cmv.
702 2627 804 2714 (123.)

206 2750 407 2806 Athenaeus
426 2752 500 2806 XIII.
519 2769 547 2822 p.
572 2757 636 2806 557:
657 2746 784 2813 Ἡσίοδος
802 2749 836 2805 δέ
855 2769 941 2821 φησιν
961 2747 1058 2819 Θησέα
1076 2750 1199 2820 νομίμως

137 2839 230 2910 γῆμαι
247 2839 296 2894 καλ
313 2833 415 2908 Ἰππην
433 2841 482 2894 καὶ
500 2842 615 2909 Αἴγλην,
638 2836 675 2895 δι’
695 2833 731 2909 ῆν
749 2838 798 2894 καὶ
818 2836 883 2902 τούς
902 2837 973 2911 πρός
989 2833 1134 2908 Ἀριάδνην
1153 2831 1198 2906 όρ-

132 2947 203 2991 κους
220 2926 340 2999 παρέβη,
359 2922 396 2992 ὥς
414 2947 483 2998 φησι
501 2927 632 2998 Κέρκωψ.

539 3108 667 3176 CXXV.
696 3109 799 3196 (142.)

208 3230 318 3285 Schol.
339 3230 435 3285 Pind.
453 3230 536 3300 Pyth.
555 3231 610 3301 ΙΙΙ,
630 3239 676 3287 14:
702 3230 735 3287 ἐν
756 3230 789 3287 δὲ
808 3237 867 3295 τοῖς
886 3229 926 3295 εἰς
941 3226 1071 3286 Ἡσίοδον
1089 3225 1198 3298 άναφε-

134 3317 266 3389 ρομένοις
284 3316 364 3374 ἔπεσι
382 3319 500 3389 φέρεται
518 3321 608 3374 ταότα
626 3321 691 3391 περὶ
709 3322 759 3390 τῆς
776 3323 953 3390 Κορωνίδος·

202 3429 248 3518 τῷ
268 3425 329 3512 μὲν
348 3424 398 3515 ἄρ’
419 3419 504 3513 ῆλθε
527 3426 640 3515 κόραξ,
664 3427 815 3514 φράσσεν
840 3425 871 3493 δ’
897 3425 962 3515 ἄρα
986 3425 1051 3516 ἔργ’
1077 3423 1199 3511 άΐδηλοι

207 3537 321 3623 Φοίβῳ
345 3529 560 3622 άνιερσειιόμη,
584 3531 629 3602 ὅτ’
655 3531 705 3622 ἄρ’
720 3533 834 3620 ’Ἱσχυς
858 3539 957 3620 ἔγημε
981 3531 1140 3621 Κορωνίν

203 3643 393 3727 Εἰλατίδης,
419 3638 571 3725 Φλεγάαο
596 3639 787 3726 διογνῆτοιο
811 3639 973 3728 θύγατρα.

136 3764 238 3820 Melius
255 3763 331 3819 idem
348 3764 391 3818 'ad
413 3782 439 3819 ν.
464 3769 512 3819 48:
538 3761 588 3819 τόν
611 3762 643 3819 δὲ
667 3765 732 3834 περί
749 3760 800 3819 τόν
818 3759 928 3832 κόρακα
947 3760 1043 3833 μῦθόν
1062 3781 1132 3833 φασι
1151 3763 1199 3817 ιιοιλ

120 3849 264 3907 ΙἩσίοδον
282 3847 497 3922 μνημονεύοντα
515 3851 608 3922 λέγειν
627 3846 713 3907 οότιο·
883 3848 886 3860 ’

205 3963 251 4051 τῷ
275 3956 337 4046 μὲν
360 3954 410 4046 ἄρ’
436 3956 577 4044 ἄγγελος
597 3950 683 4044 ῆλθε
706 3958 808 4046 κόραξ
831 3962 922 4046 ίερῆς
944 3956 1009 4028 άπὸ
1034 3957 1147 4040 δαιτὸς

205 4061 315 4134 Πυθὼ
339 4065 372 4142 ἐς
395 4060 558 4150 ἠγαθέην,
580 4070 640 4132 καί
659 4062 691 4152 ῥ’
718 4070 863 4152 ἔφρασεν
888 4063 953 4153 ἔργ’
979 4061 1102 4152 άΐδηλα

208 4177 323 4262 Φοίβῳ
347 4169 563 4260 άκερσεκόμη,
587 4170 765 4258 ότιἽσχυς
786 4175 870 4257 γῆμε
889 4173 1053 4260 Κορωνὶν

205 4280 395 4363 Εἰλατίδης,
421 4285 460 4345 Φ.
484 4281 513 4345 δ.
535 4287 570 4346 θ.
