<?xml version="1.0" encoding="UTF-8"?>
<!DOCTYPE html PUBLIC "-//W3C//DTD XHTML 1.0 Transitional//EN"
    "http://www.w3.org/TR/xhtml1/DTD/xhtml1-transitional.dtd">
<html xmlns="http://www.w3.org/1999/xhtml" xml:lang="en" lang="en">
 <head>
  <title>
</title>
<meta http-equiv="Content-Type" content="text/html;charset=utf-8" />
  <meta name='ocr-system' content='tesseract 3.04.00' />
  <meta name='ocr-capabilities' content='ocr_page ocr_carea ocr_par ocr_line ocrx_word'/>
</head>
<body>
  <div class='ocr_page' id='page_1' title='image "./hesiodicarmina02hesigoog_0449.png"; bbox 0 0 2904 4900; ppageno 0'>
   <div class='ocr_carea' id='block_1_1' title="bbox 252 244 873 311">
    <p class='ocr_par' dir='ltr' id='par_1_1' title="bbox 252 244 873 311">
     <span class='ocr_line' id='line_1_1' title="bbox 252 244 873 311; baseline -0.023 0"><span class='ocrx_word' id='word_1_1' title='bbox 252 245 316 311; x_wconf 88' lang='grc'><strong><em>348</em></strong></span> <span class='ocrx_word' id='word_1_2' title='bbox 699 244 873 300; x_wconf 82' lang='lat' dir='ltr'><strong>HESIODI</strong></span> 
     </span>
    </p>
   </div>
   <div class='ocr_carea' id='block_1_2' title="bbox 252 401 1327 1892">
    <p class='ocr_par' dir='ltr' id='par_1_2' title="bbox 318 401 1175 598">
     <span class='ocr_line' id='line_1_2' title="bbox 320 401 1175 492; baseline -0.004 -20"><span class='ocrx_word' id='word_1_3' title='bbox 320 403 471 492; x_wconf 75' lang='grc' dir='ltr'><strong><em>ἄμφηκες</em></strong></span> <span class='ocrx_word' id='word_1_4' title='bbox 493 409 626 490; x_wconf 78' lang='grc' dir='ltr'><strong><em>πρῶτον</em></strong></span> <span class='ocrx_word' id='word_1_5' title='bbox 649 404 754 492; x_wconf 81' lang='grc' dir='ltr'>στόμα</span> <span class='ocrx_word' id='word_1_6' title='bbox 777 403 832 471; x_wconf 84' lang='grc' dir='ltr'><strong><em>καὶ</em></strong></span> <span class='ocrx_word' id='word_1_7' title='bbox 855 402 1042 490; x_wconf 78' lang='grc' dir='ltr'><strong><em>κρυόεσσαν</em></strong></span> <span class='ocrx_word' id='word_1_8' title='bbox 1066 401 1175 490; x_wconf 82' lang='grc' dir='ltr'><strong><em>ἐρωήν</em></strong></span> 
     </span>
     <span class='ocr_line' id='line_1_3' title="bbox 318 509 1144 598; baseline -0.002 -21"><span class='ocrx_word' id='word_1_9' title='bbox 318 514 484 597; x_wconf 76' lang='grc' dir='ltr'><strong><em>γναθμῶν</em></strong></span> <span class='ocrx_word' id='word_1_10' title='bbox 507 509 685 598; x_wconf 79' lang='grc' dir='ltr'><strong><em>ἐκρήξαντα</em></strong></span> <span class='ocrx_word' id='word_1_11' title='bbox 711 515 906 598; x_wconf 79' lang='grc' dir='ltr'><strong><em>δυσείμονες</em></strong></span> <span class='ocrx_word' id='word_1_12' title='bbox 929 513 1144 596; x_wconf 79' lang='grc' dir='ltr'><strong><em>ἰχθυβολῆες,</em></strong></span> 
     </span>
    </p>

    <p class='ocr_par' dir='ltr' id='par_1_3' title="bbox 318 611 1305 809">
     <span class='ocr_line' id='line_1_4' title="bbox 321 611 1305 705; baseline -0.003 -21"><span class='ocrx_word' id='word_1_13' title='bbox 321 611 371 696; x_wconf 84' lang='grc' dir='ltr'><strong><em>οἷς</em></strong></span> <span class='ocrx_word' id='word_1_14' title='bbox 395 613 412 684; x_wconf 89' lang='grc' dir='ltr'>ὁ</span> <span class='ocrx_word' id='word_1_15' title='bbox 437 616 660 705; x_wconf 77' lang='grc' dir='ltr'><strong><em>ταριχόπλεως</em></strong></span> <span class='ocrx_word' id='word_1_16' title='bbox 682 615 743 684; x_wconf 82' lang='grc' dir='ltr'><strong><em>άδε</em></strong></span> <span class='ocrx_word' id='word_1_17' title='bbox 766 615 949 704; x_wconf 88' lang='grc' dir='ltr'><strong><em>Βόσπορος,</em></strong></span> <span class='ocrx_word' id='word_1_18' title='bbox 974 621 1009 683; x_wconf 81' lang='grc' dir='ltr'><strong><em>οἳ</em></strong></span> <span class='ocrx_word' id='word_1_19' title='bbox 1028 616 1305 702; x_wconf 87' lang='grc' dir='ltr'><strong><em>παιθογάστρους</em></strong></span> 
     </span>
     <span class='ocr_line' id='line_1_5' title="bbox 318 721 1143 809; baseline -0.005 -19"><span class='ocrx_word' id='word_1_20' title='bbox 318 721 515 809; x_wconf 79' lang='grc' dir='ltr'><strong><em>τμήγοντες,</em></strong></span> <span class='ocrx_word' id='word_1_21' title='bbox 538 721 727 808; x_wconf 86' lang='grc' dir='ltr'><strong><em>τετράγωνα</em></strong></span> <span class='ocrx_word' id='word_1_22' title='bbox 750 727 881 809; x_wconf 82' lang='grc' dir='ltr'><strong><em>ταρίχια</em></strong></span> <span class='ocrx_word' id='word_1_23' title='bbox 904 725 1143 789; x_wconf 85' lang='grc' dir='ltr'><strong><em>τεκταίνονται·</em></strong></span> 
     </span>
    </p>

    <p class='ocr_par' dir='ltr' id='par_1_4' title="bbox 279 824 1315 1343">
     <span class='ocr_line' id='line_1_6' title="bbox 279 824 1200 916; baseline -0.003 -20"><span class='ocrx_word' id='word_1_24' title='bbox 279 847 295 896; x_wconf 76' lang='grc' dir='ltr'>ὅ</span> <span class='ocrx_word' id='word_1_25' title='bbox 319 829 374 896; x_wconf 80' lang='grc' dir='ltr'><strong><em>καὶ</em></strong></span> <span class='ocrx_word' id='word_1_26' title='bbox 397 826 463 916; x_wconf 80' lang='grc' dir='ltr'><strong><em>μὴν</em></strong></span> <span class='ocrx_word' id='word_1_27' title='bbox 488 827 548 897; x_wconf 83' lang='grc' dir='ltr'><strong><em>οὐκ</em></strong></span> <span class='ocrx_word' id='word_1_28' title='bbox 571 825 684 908; x_wconf 75' lang='grc' dir='ltr'><strong><em>άκλεδς</em></strong></span> <span class='ocrx_word' id='word_1_29' title='bbox 706 837 846 914; x_wconf 80' lang='grc' dir='ltr'><strong><em>θνητοῖς</em></strong></span> <span class='ocrx_word' id='word_1_30' title='bbox 868 829 965 913; x_wconf 80' lang='grc' dir='ltr'><strong><em>γένος</em></strong></span> <span class='ocrx_word' id='word_1_31' title='bbox 988 824 1200 914; x_wconf 78' lang='grc' dir='ltr'><strong><em>ὀξυρρύγχου</em></strong></span> 
     </span>
     <span class='ocr_line' id='line_1_7' title="bbox 319 931 1234 1023; baseline -0.003 -20"><span class='ocrx_word' id='word_1_32' title='bbox 319 931 360 1003; x_wconf 87' lang='grc' dir='ltr'><strong><em>δν</em></strong></span> <span class='ocrx_word' id='word_1_33' title='bbox 383 936 439 1003; x_wconf 83' lang='grc' dir='ltr'><strong><em>καλ</em></strong></span> <span class='ocrx_word' id='word_1_34' title='bbox 462 934 544 1004; x_wconf 79' lang='grc' dir='ltr'><strong><em>ὅλον</em></strong></span> <span class='ocrx_word' id='word_1_35' title='bbox 566 935 622 1002; x_wconf 80' lang='grc' dir='ltr'><strong><em>καὶ</em></strong></span> <span class='ocrx_word' id='word_1_36' title='bbox 644 933 769 1021; x_wconf 89' lang='grc' dir='ltr'><strong><em>τμητὸν</em></strong></span> <span class='ocrx_word' id='word_1_37' title='bbox 791 931 868 1013; x_wconf 86' lang='grc' dir='ltr'><strong><em>άλες</em></strong></span> <span class='ocrx_word' id='word_1_38' title='bbox 889 947 1020 1023; x_wconf 79' lang='grc' dir='ltr'><strong><em>τρηχεῖς</em></strong></span> <span class='ocrx_word' id='word_1_39' title='bbox 1043 931 1234 1019; x_wconf 81' lang='grc' dir='ltr'><strong><em>ἐκόμισσαν.</em></strong></span> 
     </span>
     <span class='ocr_line' id='line_1_8' title="bbox 318 1029 1166 1129; baseline -0.002 -21"><span class='ocrx_word' id='word_1_40' title='bbox 318 1041 460 1109; x_wconf 83' lang='grc' dir='ltr'><strong><em>θύννων</em></strong></span> <span class='ocrx_word' id='word_1_41' title='bbox 485 1039 516 1108; x_wconf 91' lang='grc' dir='ltr'><strong><em>δ’</em></strong></span> <span class='ocrx_word' id='word_1_42' title='bbox 544 1029 679 1129; x_wconf 81' lang='grc' dir='ltr'><strong><em>ὡραίων</em></strong></span> <span class='ocrx_word' id='word_1_43' title='bbox 701 1037 888 1122; x_wconf 80' lang='grc' dir='ltr'><strong><em>Βυζάντιον</em></strong></span> <span class='ocrx_word' id='word_1_44' title='bbox 911 1045 1024 1107; x_wconf 82' lang='grc' dir='ltr'><strong><em>ἔπλετο</em></strong></span> <span class='ocrx_word' id='word_1_45' title='bbox 1048 1036 1166 1126; x_wconf 81' lang='grc' dir='ltr'><strong><em>μήτηρ,</em></strong></span> 
     </span>
     <span class='ocr_line' id='line_1_9' title="bbox 318 1142 1315 1236; baseline -0.001 -22"><span class='ocrx_word' id='word_1_46' title='bbox 318 1148 374 1214; x_wconf 79' lang='grc' dir='ltr'><strong><em>καί</em></strong></span> <span class='ocrx_word' id='word_1_47' title='bbox 397 1147 591 1236; x_wconf 89' lang='grc' dir='ltr'><strong><em>σκόμβρων,</em></strong></span> <span class='ocrx_word' id='word_1_48' title='bbox 614 1153 748 1233; x_wconf 86' lang='grc' dir='ltr'><strong><em>βυθίων</em></strong></span> <span class='ocrx_word' id='word_1_49' title='bbox 773 1148 885 1214; x_wconf 76' lang='grc' dir='ltr'><strong><em>τεκαὶ</em></strong></span> <span class='ocrx_word' id='word_1_50' title='bbox 909 1142 1088 1233; x_wconf 84' lang='grc' dir='ltr'><strong><em>εὐχόρτων,</em></strong></span> <span class='ocrx_word' id='word_1_51' title='bbox 1112 1144 1315 1232; x_wconf 82' lang='grc' dir='ltr'><strong><em>Λιλύβαιον,</em></strong></span> 
     </span>
     <span class='ocr_line' id='line_1_10' title="bbox 317 1252 1224 1343; baseline -0.002 -21"><span class='ocrx_word' id='word_1_52' title='bbox 317 1255 372 1322; x_wconf 84' lang='grc' dir='ltr'><strong><em>καὶ</em></strong></span> <span class='ocrx_word' id='word_1_53' title='bbox 397 1255 529 1343; x_wconf 81' lang='grc' dir='ltr'><strong><em>Πάριον</em></strong></span> <span class='ocrx_word' id='word_1_54' title='bbox 552 1257 675 1321; x_wconf 78' lang='grc' dir='ltr'><strong><em>κολιῶν</em></strong></span> <span class='ocrx_word' id='word_1_55' title='bbox 698 1252 805 1340; x_wconf 81' lang='grc' dir='ltr'><strong><em>κυδνὴ</em></strong></span> <span class='ocrx_word' id='word_1_56' title='bbox 829 1252 953 1341; x_wconf 91' lang='grc' dir='ltr'><strong><em>τροφὸς</em></strong></span> <span class='ocrx_word' id='word_1_57' title='bbox 977 1258 1050 1320; x_wconf 82' lang='grc' dir='ltr'><strong><em>ἔσκε</em></strong></span> <span class='ocrx_word' id='word_1_58' title='bbox 1072 1257 1224 1339; x_wconf 91' lang='grc' dir='ltr'><strong><em>πολίχνη.</em></strong></span> 
     </span>
    </p>

    <p class='ocr_par' dir='ltr' id='par_1_5' title="bbox 268 1356 1231 1768">
     <span class='ocr_line' id='line_1_11' title="bbox 268 1356 1231 1448; baseline -0.005 -18"><span class='ocrx_word' id='word_1_59' title='bbox 268 1383 301 1432; x_wconf 89' lang='lat'><strong><em>10</em></strong></span> <span class='ocrx_word' id='word_1_60' title='bbox 317 1361 440 1430; x_wconf 88' lang='grc' dir='ltr'><strong><em>Ἰόνιον</em></strong></span> <span class='ocrx_word' id='word_1_61' title='bbox 465 1357 496 1426; x_wconf 91' lang='grc' dir='ltr'><strong><em>δ’</em></strong></span> <span class='ocrx_word' id='word_1_62' title='bbox 522 1358 588 1427; x_wconf 87' lang='grc' dir='ltr'><strong><em>άνδι</em></strong></span> <span class='ocrx_word' id='word_1_63' title='bbox 610 1364 699 1448; x_wconf 83' lang='grc' dir='ltr'><strong><em>κῦμα</em></strong></span> <span class='ocrx_word' id='word_1_64' title='bbox 722 1358 841 1448; x_wconf 76' lang='grc' dir='ltr'><strong><em>φυγάν</em></strong></span> <span class='ocrx_word' id='word_1_65' title='bbox 867 1358 1073 1446; x_wconf 76' lang='grc' dir='ltr'><strong><em>Γαδειρόθεν</em></strong></span> <span class='ocrx_word' id='word_1_66' title='bbox 1095 1356 1165 1439; x_wconf 83' lang='grc' dir='ltr'><strong><em>άξει</em></strong></span> <span class='ocrx_word' id='word_1_67' title='bbox 1229 1411 1231 1414; x_wconf 88' lang='grc'>-</span> 
     </span>
     <span class='ocr_line' id='line_1_12' title="bbox 317 1462 1192 1555; baseline -0.006 -19"><span class='ocrx_word' id='word_1_68' title='bbox 317 1468 473 1555; x_wconf 78' lang='grc' dir='ltr'><strong><em>Βρέττιος</em></strong></span> <span class='ocrx_word' id='word_1_69' title='bbox 495 1462 516 1554; x_wconf 78' lang='grc' dir='ltr'>ἢ</span> <span class='ocrx_word' id='word_1_70' title='bbox 539 1465 726 1554; x_wconf 86' lang='grc' dir='ltr'><strong><em>Καμπανὸς</em></strong></span> <span class='ocrx_word' id='word_1_71' title='bbox 749 1463 769 1554; x_wconf 75' lang='grc' dir='ltr'>ἢ</span> <span class='ocrx_word' id='word_1_72' title='bbox 793 1469 826 1547; x_wconf 83' lang='grc' dir='ltr'><strong><em>ἐξ</em></strong></span> <span class='ocrx_word' id='word_1_73' title='bbox 851 1462 994 1552; x_wconf 82' lang='grc' dir='ltr'><strong><em>άγαθοῐο</em></strong></span> <span class='ocrx_word' id='word_1_74' title='bbox 1022 1467 1192 1551; x_wconf 82' lang='grc' dir='ltr'><strong><em>Τάραντος</em></strong></span> 
     </span>
     <span class='ocr_line' id='line_1_13' title="bbox 314 1570 1199 1662; baseline -0.003 -21"><span class='ocrx_word' id='word_1_75' title='bbox 314 1570 487 1662; x_wconf 86' lang='grc' dir='ltr'><strong><em>Ὀρκόνοιο</em></strong></span> <span class='ocrx_word' id='word_1_76' title='bbox 512 1579 658 1660; x_wconf 90' lang='grc' dir='ltr'><strong><em>τρίγωνα</em></strong></span> <span class='ocrx_word' id='word_1_77' title='bbox 680 1573 721 1641; x_wconf 92' lang='grc' dir='ltr'><strong><em>τά</em></strong></span> <span class='ocrx_word' id='word_1_78' title='bbox 743 1571 771 1642; x_wconf 89' lang='grc' dir='ltr'><strong><em>τ’</em></strong></span> <span class='ocrx_word' id='word_1_79' title='bbox 799 1576 835 1640; x_wconf 82' lang='grc' dir='ltr'><strong><em>ἐν</em></strong></span> <span class='ocrx_word' id='word_1_80' title='bbox 859 1575 1035 1660; x_wconf 81' lang='grc' dir='ltr'><strong><em>στάμνοισι</em></strong></span> <span class='ocrx_word' id='word_1_81' title='bbox 1058 1572 1199 1641; x_wconf 80' lang='grc' dir='ltr'><strong><em>τεθέντα</em></strong></span> 
     </span>
     <span class='ocr_line' id='line_1_14' title="bbox 318 1676 1134 1768; baseline -0.002 -20"><span class='ocrx_word' id='word_1_82' title='bbox 318 1677 492 1768; x_wconf 81' lang='grc' dir='ltr'><strong><em>ἀμφαλλὰξ</em></strong></span> <span class='ocrx_word' id='word_1_83' title='bbox 517 1683 705 1747; x_wconf 76' lang='grc' dir='ltr'><strong><em>δείπνοισιν</em></strong></span> <span class='ocrx_word' id='word_1_84' title='bbox 729 1680 780 1746; x_wconf 80' lang='grc' dir='ltr'><strong><em>ἐνὶ</em></strong></span> <span class='ocrx_word' id='word_1_85' title='bbox 802 1678 984 1768; x_wconf 77' lang='grc' dir='ltr'><strong><em>πρώτοισιν</em></strong></span> <span class='ocrx_word' id='word_1_86' title='bbox 1008 1676 1134 1765; x_wconf 85' lang='grc' dir='ltr'><strong><em>όπηδελ.</em></strong></span> 
     </span>
    </p>

    <p class='ocr_par' dir='ltr' id='par_1_6' title="bbox 252 1820 1327 1892">
     <span class='ocr_line' id='line_1_15' title="bbox 252 1820 1327 1892; baseline -0.004 -14"><span class='ocrx_word' id='word_1_87' title='bbox 252 1823 380 1878; x_wconf 77' lang='lat' dir='ltr'>Correxit</span> <span class='ocrx_word' id='word_1_88' title='bbox 394 1821 635 1891; x_wconf 71' lang='lat' dir='ltr'><strong>Goethlingius</strong></span> <span class='ocrx_word' id='word_1_89' title='bbox 652 1822 684 1876; x_wconf 88' lang='lat' dir='ltr'><strong><em>in</em></strong></span> <span class='ocrx_word' id='word_1_90' title='bbox 697 1821 830 1892; x_wconf 81' lang='lat' dir='ltr'>Spicileg.</span> <span class='ocrx_word' id='word_1_91' title='bbox 849 1822 939 1892; x_wconf 86' lang='lat' dir='ltr'><strong>primo</strong></span> <span class='ocrx_word' id='word_1_92' title='bbox 957 1820 1177 1891; x_wconf 74' lang='lat' dir='ltr'>fragmentorum</span> <span class='ocrx_word' id='word_1_93' title='bbox 1190 1820 1327 1888; x_wconf 80' lang='lat' dir='ltr'><strong>Hesiodi,</strong></span> 
     </span>
    </p>
   </div>
   <div class='ocr_carea' id='block_1_3' title="bbox 251 1904 1326 2067">
    <p class='ocr_par' dir='ltr' id='par_1_7' title="bbox 251 1904 1326 2067">
     <span class='ocr_line' id='line_1_16' title="bbox 251 1904 1323 1981; baseline -0.001 -16"><span class='ocrx_word' id='word_1_94' title='bbox 251 1928 348 1966; x_wconf 82' lang='lat' dir='ltr'>versus</span> <span class='ocrx_word' id='word_1_95' title='bbox 371 1911 407 1964; x_wconf 79' lang='lat' dir='ltr'><strong><em>ad</em></strong></span> <span class='ocrx_word' id='word_1_96' title='bbox 437 1907 505 1979; x_wconf 84' lang='grc' dir='ltr'><strong><em>ἔργα</em></strong></span> <span class='ocrx_word' id='word_1_97' title='bbox 533 1904 641 1981; x_wconf 84' lang='grc' dir='ltr'><strong><em>μεγάλα</em></strong></span> <span class='ocrx_word' id='word_1_98' title='bbox 664 1910 804 1980; x_wconf 77' lang='lat' dir='ltr'>pertinere</span> <span class='ocrx_word' id='word_1_99' title='bbox 831 1913 916 1965; x_wconf 79' lang='lat' dir='ltr'><strong>ratus.</strong></span> <span class='ocrx_word' id='word_1_100' title='bbox 966 1910 1021 1964; x_wconf 80' lang='lat' dir='ltr'><strong><em>Sed</em></strong></span> <span class='ocrx_word' id='word_1_101' title='bbox 1046 1909 1142 1979; x_wconf 71' lang='lat' dir='ltr'>aperte</span> <span class='ocrx_word' id='word_1_102' title='bbox 1165 1925 1259 1978; x_wconf 87' lang='lat' dir='ltr'>neque</span> <span class='ocrx_word' id='word_1_103' title='bbox 1284 1911 1323 1964; x_wconf 77' lang='lat' dir='ltr'><strong><em>ab</em></strong></span> 
     </span>
     <span class='ocr_line' id='line_1_17' title="bbox 251 1997 1326 2067; baseline -0.003 -14"><span class='ocrx_word' id='word_1_104' title='bbox 251 1999 373 2054; x_wconf 83' lang='lat' dir='ltr'><strong>Hesiodo</strong></span> <span class='ocrx_word' id='word_1_105' title='bbox 405 1997 525 2067; x_wconf 77' lang='lat' dir='ltr'><strong>profecti</strong></span> <span class='ocrx_word' id='word_1_106' title='bbox 559 1998 624 2051; x_wconf 77' lang='lat' dir='ltr'>sunt</span> <span class='ocrx_word' id='word_1_107' title='bbox 655 2015 746 2067; x_wconf 83' lang='lat' dir='ltr'>neque</span> <span class='ocrx_word' id='word_1_108' title='bbox 774 1999 811 2052; x_wconf 76' lang='lat' dir='ltr'><strong><em>ad</em></strong></span> <span class='ocrx_word' id='word_1_109' title='bbox 842 1997 919 2052; x_wconf 80' lang='lat' dir='ltr'>illius</span> <span class='ocrx_word' id='word_1_110' title='bbox 945 1999 1068 2052; x_wconf 75' lang='lat' dir='ltr'>aetatem</span> <span class='ocrx_word' id='word_1_111' title='bbox 1099 1998 1239 2066; x_wconf 73' lang='lat' dir='ltr'><strong>spectant.</strong></span> <span class='ocrx_word' id='word_1_112' title='bbox 1289 1998 1326 2052; x_wconf 86' lang='lat' dir='ltr'><strong><em>V.</em></strong></span> 
     </span>
    </p>
   </div>
   <div class='ocr_carea' id='block_1_4' title="bbox 251 2086 579 2157">
    <p class='ocr_par' dir='ltr' id='par_1_8' title="bbox 251 2086 579 2157">
     <span class='ocr_line' id='line_1_18' title="bbox 251 2086 579 2157; baseline -0.006 -15"><span class='ocrx_word' id='word_1_113' title='bbox 251 2087 437 2142; x_wconf 77' lang='lat' dir='ltr'><strong>Mareksch.</strong></span> <span class='ocrx_word' id='word_1_114' title='bbox 457 2104 484 2156; x_wconf 87' lang='lat' dir='ltr'><strong><em>p.</em></strong></span> <span class='ocrx_word' id='word_1_115' title='bbox 505 2086 579 2157; x_wconf 81' lang='lat'>201.]</span> 
     </span>
    </p>
   </div>
   <div class='ocr_carea' id='block_1_5' title="bbox 699 2246 870 2314">
    <p class='ocr_par' dir='ltr' id='par_1_9' title="bbox 699 2246 870 2314">
     <span class='ocr_line' id='line_1_19' title="bbox 699 2246 870 2314; baseline -0.018 0"><span class='ocrx_word' id='word_1_116' title='bbox 699 2246 870 2314; x_wconf 79' lang='lat' dir='ltr'><strong>CCLVIII.</strong></span> 
     </span>
    </p>
   </div>
   <div class='ocr_carea' id='block_1_6' title="bbox 205 2368 1315 2706">
    <p class='ocr_par' dir='ltr' id='par_1_10' title="bbox 205 2368 1315 2706">
     <span class='ocr_line' id='line_1_20' title="bbox 205 2368 1308 2444; baseline 0.001 -18"><span class='ocrx_word' id='word_1_117' title='bbox 205 2406 210 2414; x_wconf 50' lang='grc' dir='ltr'>ι</span> <span class='ocrx_word' id='word_1_118' title='bbox 323 2371 440 2444; x_wconf 77' lang='lat' dir='ltr'><strong>[Epist.</strong></span> <span class='ocrx_word' id='word_1_119' title='bbox 458 2371 592 2426; x_wconf 78' lang='lat' dir='ltr'>Platon.</span> <span class='ocrx_word' id='word_1_120' title='bbox 611 2369 658 2425; x_wconf 89' lang='lat' dir='ltr'><strong><em>XI.</em></strong></span> <span class='ocrx_word' id='word_1_121' title='bbox 683 2369 720 2424; x_wconf 77' lang='lat' dir='ltr'><strong><em>ad</em></strong></span> <span class='ocrx_word' id='word_1_122' title='bbox 737 2369 870 2424; x_wconf 78' lang='lat' dir='ltr'><strong>Laodam.</strong></span> <span class='ocrx_word' id='word_1_123' title='bbox 896 2387 923 2438; x_wconf 86' lang='lat' dir='ltr'><strong><em>p.</em></strong></span> <span class='ocrx_word' id='word_1_124' title='bbox 942 2374 994 2424; x_wconf 86' lang='lat'><strong><em>359</em></strong></span> <span class='ocrx_word' id='word_1_125' title='bbox 1015 2368 1054 2424; x_wconf 75' lang='lat' dir='ltr'><strong><em>St.</em></strong></span> <span class='ocrx_word' id='word_1_126' title='bbox 1078 2369 1212 2440; x_wconf 72' lang='lat' dir='ltr'>leguntur</span> <span class='ocrx_word' id='word_1_127' title='bbox 1236 2372 1308 2427; x_wconf 78' lang='lat' dir='ltr'>haec</span> 
     </span>
     <span class='ocr_line' id='line_1_21' title="bbox 252 2451 1315 2531; baseline -0.001 -16"><span class='ocrx_word' id='word_1_128' title='bbox 252 2461 459 2531; x_wconf 79' lang='grc' dir='ltr'><strong><em>συμβουλεῦσαι</em></strong></span> <span class='ocrx_word' id='word_1_129' title='bbox 482 2458 579 2531; x_wconf 81' lang='grc' dir='ltr'><strong><em>μέντοι</em></strong></span> <span class='ocrx_word' id='word_1_130' title='bbox 598 2456 651 2528; x_wconf 80' lang='grc' dir='ltr'><strong><em>ἔχω</em></strong></span> <span class='ocrx_word' id='word_1_131' title='bbox 671 2461 718 2512; x_wconf 84' lang='grc' dir='ltr'><strong><em>σοί</em></strong></span> <span class='ocrx_word' id='word_1_132' title='bbox 732 2477 762 2512; x_wconf 88' lang='grc' dir='ltr'><strong><em>τε</em></strong></span> <span class='ocrx_word' id='word_1_133' title='bbox 782 2457 830 2511; x_wconf 85' lang='grc' dir='ltr'><strong><em>καλ</em></strong></span> <span class='ocrx_word' id='word_1_134' title='bbox 847 2463 906 2519; x_wconf 83' lang='grc' dir='ltr'><strong><em>τοῖς</em></strong></span> <span class='ocrx_word' id='word_1_135' title='bbox 923 2455 1058 2520; x_wconf 81' lang='grc' dir='ltr'><strong><em>οἰκισταῖς</em></strong></span> <span class='ocrx_word' id='word_1_136' title='bbox 1075 2451 1090 2511; x_wconf 88' lang='grc' dir='ltr'><strong><em>δ</em></strong></span> <span class='ocrx_word' id='word_1_137' title='bbox 1109 2454 1242 2522; x_wconf 81' lang='grc' dir='ltr'><strong><em>εἰπόντος</em></strong></span> <span class='ocrx_word' id='word_1_138' title='bbox 1262 2458 1315 2528; x_wconf 75' lang='grc' dir='ltr'><strong><em>μὲν</em></strong></span> 
     </span>
     <span class='ocr_line' id='line_1_22' title="bbox 251 2539 1314 2621; baseline -0.003 -16"><span class='ocrx_word' id='word_1_139' title='bbox 251 2546 335 2621; x_wconf 73' lang='grc' dir='ltr'><strong><em>ἐμοῦ,</em></strong></span> <span class='ocrx_word' id='word_1_140' title='bbox 354 2549 440 2618; x_wconf 74' lang='grc' dir='ltr'><strong><em>φησὶν</em></strong></span> <span class='ocrx_word' id='word_1_141' title='bbox 454 2545 594 2617; x_wconf 89' lang='grc' dir='ltr'><strong><em>Ἡσίοδος,</em></strong></span> <span class='ocrx_word' id='word_1_142' title='bbox 613 2541 696 2612; x_wconf 82' lang='grc' dir='ltr'><strong><em>δόξαι</em></strong></span> <span class='ocrx_word' id='word_1_143' title='bbox 714 2539 750 2600; x_wconf 82' lang='grc' dir='ltr'><strong><em>διν</em></strong></span> <span class='ocrx_word' id='word_1_144' title='bbox 771 2542 845 2600; x_wconf 82' lang='grc' dir='ltr'><strong><em>εἶναι</em></strong></span> <span class='ocrx_word' id='word_1_145' title='bbox 864 2545 988 2615; x_wconf 78' lang='grc' dir='ltr'><strong><em>φαῦλον,</em></strong></span> <span class='ocrx_word' id='word_1_146' title='bbox 1006 2540 1129 2615; x_wconf 85' lang='grc' dir='ltr'><strong><em>χαλεπόν</em></strong></span> <span class='ocrx_word' id='word_1_147' title='bbox 1147 2544 1181 2601; x_wconf 68' lang='grc' dir='ltr'><strong><em>δὲ</em></strong></span> <span class='ocrx_word' id='word_1_148' title='bbox 1200 2549 1314 2616; x_wconf 77' lang='grc' dir='ltr'><strong><em>νοῆσαι.</em></strong></span> 
     </span>
     <span class='ocr_line' id='line_1_23' title="bbox 251 2635 726 2706; baseline -0.006 -13"><span class='ocrx_word' id='word_1_149' title='bbox 251 2637 379 2694; x_wconf 69' lang='lat' dir='ltr'><strong>Correin</strong></span> <span class='ocrx_word' id='word_1_150' title='bbox 397 2635 636 2706; x_wconf 69' lang='lat' dir='ltr'><strong>Goettlingius</strong></span> <span class='ocrx_word' id='word_1_151' title='bbox 656 2636 674 2690; x_wconf 87' lang='lat' dir='ltr'><strong><em>l.</em></strong></span> <span class='ocrx_word' id='word_1_152' title='bbox 694 2635 726 2690; x_wconf 89' lang='lat' dir='ltr'><strong><em>l.:</em></strong></span> 
     </span>
    </p>
   </div>
   <div class='ocr_carea' id='block_1_7' title="bbox 318 2755 1200 2955">
    <p class='ocr_par' dir='ltr' id='par_1_11' title="bbox 318 2755 1200 2955">
     <span class='ocr_line' id='line_1_24' title="bbox 713 2755 1105 2845; baseline 0.003 -20"><span class='ocrx_word' id='word_1_153' title='bbox 713 2755 730 2826; x_wconf 83' lang='grc' dir='ltr'><strong><em>δ</em></strong></span> <span class='ocrx_word' id='word_1_154' title='bbox 756 2756 909 2835; x_wconf 78' lang='grc' dir='ltr'><strong><em>εἰπόντος</em></strong></span> <span class='ocrx_word' id='word_1_155' title='bbox 931 2756 992 2844; x_wconf 73' lang='grc' dir='ltr'><strong><em>μὲν</em></strong></span> <span class='ocrx_word' id='word_1_156' title='bbox 1016 2759 1105 2845; x_wconf 76' lang='grc' dir='ltr'><strong><em>ἐμεῖο</em></strong></span> 
     </span>
     <span class='ocr_line' id='line_1_25' title="bbox 318 2862 1200 2955; baseline -0.002 -20"><span class='ocrx_word' id='word_1_157' title='bbox 318 2866 452 2955; x_wconf 82' lang='grc' dir='ltr'><strong><em>φαῦλόν</em></strong></span> <span class='ocrx_word' id='word_1_158' title='bbox 475 2893 534 2934; x_wconf 89' lang='grc' dir='ltr'><strong><em>κεν</em></strong></span> <span class='ocrx_word' id='word_1_159' title='bbox 557 2865 686 2946; x_wconf 80' lang='grc' dir='ltr'><strong><em>δόξειεν</em></strong></span> <span class='ocrx_word' id='word_1_160' title='bbox 711 2870 803 2952; x_wconf 79' lang='grc' dir='ltr'><strong><em>ἔμεν,</em></strong></span> <span class='ocrx_word' id='word_1_161' title='bbox 827 2862 972 2951; x_wconf 90' lang='grc' dir='ltr'><strong><em>χαλεπὸν</em></strong></span> <span class='ocrx_word' id='word_1_162' title='bbox 995 2863 1032 2931; x_wconf 75' lang='grc' dir='ltr'><strong><em>δδ</em></strong></span> <span class='ocrx_word' id='word_1_163' title='bbox 1054 2869 1200 2951; x_wconf 75' lang='grc' dir='ltr'><strong><em>νοῆσαι]</em></strong></span> 
     </span>
    </p>
   </div>
   <div class='ocr_carea' id='block_1_8' title="bbox 714 3096 850 3163">
    <p class='ocr_par' dir='ltr' id='par_1_12' title="bbox 714 3096 850 3163">
     <span class='ocr_line' id='line_1_26' title="bbox 714 3096 850 3163; baseline -0.022 0"><span class='ocrx_word' id='word_1_164' title='bbox 714 3096 850 3163; x_wconf 80' lang='lat' dir='ltr'><strong>OOLIX.</strong></span> 
     </span>
    </p>
   </div>
   <div class='ocr_carea' id='block_1_9' title="bbox 246 3213 1327 3380">
    <p class='ocr_par' dir='ltr' id='par_1_13' title="bbox 246 3213 1327 3380">
     <span class='ocr_line' id='line_1_27' title="bbox 323 3213 1327 3293; baseline -0.004 -16"><span class='ocrx_word' id='word_1_165' title='bbox 323 3222 459 3293; x_wconf 87' lang='lat' dir='ltr'>[Pollux</span> <span class='ocrx_word' id='word_1_166' title='bbox 476 3222 501 3290; x_wconf 91' lang='lat' dir='ltr'><strong><em>I,</em></strong></span> <span class='ocrx_word' id='word_1_167' title='bbox 521 3227 586 3276; x_wconf 78' lang='lat'>231:</span> <span class='ocrx_word' id='word_1_168' title='bbox 624 3221 673 3274; x_wconf 83' lang='grc' dir='ltr'><strong><em>καλ</em></strong></span> <span class='ocrx_word' id='word_1_169' title='bbox 696 3213 885 3288; x_wconf 83' lang='grc' dir='ltr'><strong><em>φυλλοχόος</em></strong></span> <span class='ocrx_word' id='word_1_170' title='bbox 912 3213 978 3287; x_wconf 82' lang='grc' dir='ltr'><strong><em>μὴν</em></strong></span> <span class='ocrx_word' id='word_1_171' title='bbox 1002 3214 1017 3272; x_wconf 82' lang='grc' dir='ltr'><strong>ὁ</strong></span> <span class='ocrx_word' id='word_1_172' title='bbox 1040 3219 1130 3273; x_wconf 79' lang='grc' dir='ltr'><strong><em>ταῦτα</em></strong></span> <span class='ocrx_word' id='word_1_173' title='bbox 1153 3221 1259 3292; x_wconf 78' lang='grc' dir='ltr'><strong><em>ποιῶν,</em></strong></span> <span class='ocrx_word' id='word_1_174' title='bbox 1287 3217 1327 3286; x_wconf 71' lang='grc' dir='ltr'><strong><em>ὥς</em></strong></span> 
     </span>
     <span class='ocr_line' id='line_1_28' title="bbox 246 3308 686 3380; baseline -0.009 -14"><span class='ocrx_word' id='word_1_175' title='bbox 246 3308 383 3374; x_wconf 86' lang='grc' dir='ltr'><strong><em>Ἡσίοδος.</em></strong></span> <span class='ocrx_word' id='word_1_176' title='bbox 420 3309 527 3364; x_wconf 74' lang='lat' dir='ltr'><strong>Attulit</strong></span> <span class='ocrx_word' id='word_1_177' title='bbox 544 3309 686 3380; x_wconf 78' lang='lat' dir='ltr'>Goett1.]</span> 
     </span>
    </p>
   </div>
   <div class='ocr_carea' id='block_1_10' title="bbox 725 3485 844 3553">
    <p class='ocr_par' dir='ltr' id='par_1_14' title="bbox 725 3485 844 3553">
     <span class='ocr_line' id='line_1_29' title="bbox 725 3485 844 3553; baseline -0.025 0"><span class='ocrx_word' id='word_1_178' title='bbox 725 3485 844 3553; x_wconf 81' lang='lat' dir='ltr'><strong>GCLX.</strong></span> 
     </span>
    </p>
   </div>
   <div class='ocr_carea' id='block_1_11' title="bbox 249 3593 1323 3772">
    <p class='ocr_par' dir='ltr' id='par_1_15' title="bbox 249 3593 1323 3772">
     <span class='ocr_line' id='line_1_30' title="bbox 322 3593 1323 3684; baseline -0.006 -15"><span class='ocrx_word' id='word_1_179' title='bbox 322 3613 457 3684; x_wconf 87' lang='lat' dir='ltr'>[Pollux</span> <span class='ocrx_word' id='word_1_180' title='bbox 475 3613 528 3682; x_wconf 85' lang='grc' dir='ltr'><strong><em>ΙΙΙ,</em></strong></span> <span class='ocrx_word' id='word_1_181' title='bbox 550 3617 595 3666; x_wconf 80' lang='lat'><strong><em>19:</em></strong></span> <span class='ocrx_word' id='word_1_182' title='bbox 619 3604 750 3680; x_wconf 85' lang='grc' dir='ltr'><strong><em>άγαπητὴ</em></strong></span> <span class='ocrx_word' id='word_1_183' title='bbox 770 3603 901 3678; x_wconf 85' lang='grc' dir='ltr'><strong><em>θυγάτηρ</em></strong></span> <span class='ocrx_word' id='word_1_184' title='bbox 919 3602 988 3676; x_wconf 84' lang='grc' dir='ltr'><strong><em>παρ’</em></strong></span> <span class='ocrx_word' id='word_1_185' title='bbox 1004 3602 1125 3679; x_wconf 84' lang='grc' dir='ltr'><strong><em>Ἡσιόδῳ</em></strong></span> <span class='ocrx_word' id='word_1_186' title='bbox 1143 3603 1161 3676; x_wconf 86' lang='grc' dir='ltr'><em>ἡ</em></span> <span class='ocrx_word' id='word_1_187' title='bbox 1181 3593 1323 3680; x_wconf 79' lang='grc' dir='ltr'><strong><em>μουνογε-</em></strong></span> 
     </span>
     <span class='ocr_line' id='line_1_31' title="bbox 249 3698 490 3772; baseline -0.008 -15"><span class='ocrx_word' id='word_1_188' title='bbox 249 3698 308 3772; x_wconf 80' lang='grc' dir='ltr'><strong><em>νής,</em></strong></span> <span class='ocrx_word' id='word_1_189' title='bbox 347 3701 490 3772; x_wconf 66' lang='lat' dir='ltr'><strong>eoem]</strong></span> 
     </span>
    </p>
   </div>
   <div class='ocr_carea' id='block_1_12' title="bbox 716 3840 1320 3930">
    <p class='ocr_par' dir='ltr' id='par_1_16' title="bbox 716 3840 1320 3930">
     <span class='ocr_line' id='line_1_32' title="bbox 716 3840 1320 3930; baseline -0.01 -23"><span class='ocrx_word' id='word_1_190' title='bbox 716 3840 852 3907; x_wconf 76' lang='grc' dir='ltr'><strong><em>οοωο.</em></strong></span> <span class='ocrx_word' id='word_1_191' title='bbox 1314 3894 1320 3930; x_wconf 71' lang='grc'><strong><em>,</em></strong></span> 
     </span>
    </p>
   </div>
   <div class='ocr_carea' id='block_1_13' title="bbox 250 3957 1329 4301">
    <p class='ocr_par' dir='ltr' id='par_1_17' title="bbox 250 3957 1329 4301">
     <span class='ocr_line' id='line_1_33' title="bbox 322 3957 1329 4036; baseline -0.001 -17"><span class='ocrx_word' id='word_1_192' title='bbox 322 3966 564 4036; x_wconf 74' lang='lat' dir='ltr'><strong>[Pseudoarist.</strong></span> <span class='ocrx_word' id='word_1_193' title='bbox 588 3967 686 4020; x_wconf 75' lang='lat' dir='ltr'><strong>auctor</strong></span> <span class='ocrx_word' id='word_1_194' title='bbox 712 3965 746 4018; x_wconf 87' lang='lat' dir='ltr'><strong><em>de</em></strong></span> <span class='ocrx_word' id='word_1_195' title='bbox 771 3962 929 4029; x_wconf 73' lang='lat' dir='ltr'>coelom,</span> <span class='ocrx_word' id='word_1_196' title='bbox 954 3969 982 4017; x_wconf 88' lang='lat'><strong><em>1:</em></strong></span> <span class='ocrx_word' id='word_1_197' title='bbox 1020 3959 1073 4016; x_wconf 84' lang='grc' dir='ltr'><strong><em>είολ</em></strong></span> <span class='ocrx_word' id='word_1_198' title='bbox 1102 3957 1156 4030; x_wconf 88' lang='grc' dir='ltr'><strong><em>γάρ</em></strong></span> <span class='ocrx_word' id='word_1_199' title='bbox 1188 3982 1265 4025; x_wconf 85' lang='grc' dir='ltr'><strong><em>τινες</em></strong></span> <span class='ocrx_word' id='word_1_200' title='bbox 1295 3964 1329 4018; x_wconf 75' lang='grc' dir='ltr'><strong><em>οἴ</em></strong></span> 
     </span>
     <span class='ocr_line' id='line_1_34' title="bbox 250 4045 1320 4124; baseline -0.002 -17"><span class='ocrx_word' id='word_1_201' title='bbox 250 4071 338 4123; x_wconf 89' lang='grc' dir='ltr'><strong><em>φασιν</em></strong></span> <span class='ocrx_word' id='word_1_202' title='bbox 352 4048 443 4109; x_wconf 73' lang='grc' dir='ltr'><strong><em>οὐθὲν</em></strong></span> <span class='ocrx_word' id='word_1_203' title='bbox 452 4049 609 4124; x_wconf 72' lang='grc' dir='ltr'><strong><em>ἀγέννητον</em></strong></span> <span class='ocrx_word' id='word_1_204' title='bbox 619 4051 694 4109; x_wconf 82' lang='grc' dir='ltr'><strong><em>εἶναι</em></strong></span> <span class='ocrx_word' id='word_1_205' title='bbox 706 4053 763 4108; x_wconf 76' lang='grc' dir='ltr'><strong><em>τόν</em></strong></span> <span class='ocrx_word' id='word_1_206' title='bbox 772 4047 943 4122; x_wconf 84' lang='grc' dir='ltr'><strong><em>πραγμάτων</em></strong></span> <span class='ocrx_word' id='word_1_207' title='bbox 958 4045 1027 4104; x_wconf 81' lang='grc' dir='ltr'><strong><em>άλλά</em></strong></span> <span class='ocrx_word' id='word_1_208' title='bbox 1042 4045 1136 4104; x_wconf 87' lang='grc' dir='ltr'><strong><em>πάντα</em></strong></span> <span class='ocrx_word' id='word_1_209' title='bbox 1150 4051 1320 4120; x_wconf 84' lang='grc' dir='ltr'><strong><em>γίγνεσθαι·</em></strong></span> 
     </span>
     <span class='ocr_line' id='line_1_35' title="bbox 250 4134 1322 4211; baseline -0.002 -15"><span class='ocrx_word' id='word_1_210' title='bbox 250 4139 389 4211; x_wconf 86' lang='grc' dir='ltr'><strong><em>γενόμενα</em></strong></span> <span class='ocrx_word' id='word_1_211' title='bbox 407 4140 439 4196; x_wconf 73' lang='grc' dir='ltr'><strong><em>δὲ</em></strong></span> <span class='ocrx_word' id='word_1_212' title='bbox 459 4138 494 4197; x_wconf 84' lang='grc' dir='ltr'><strong><em>τά</em></strong></span> <span class='ocrx_word' id='word_1_213' title='bbox 513 4141 565 4211; x_wconf 70' lang='grc' dir='ltr'><strong><em>μὲν</em></strong></span> <span class='ocrx_word' id='word_1_214' title='bbox 584 4138 724 4211; x_wconf 81' lang='grc' dir='ltr'><strong><em>ἄφθαρτα</em></strong></span> <span class='ocrx_word' id='word_1_215' title='bbox 743 4140 898 4210; x_wconf 78' lang='grc' dir='ltr'><strong><em>διαμένειν,</em></strong></span> <span class='ocrx_word' id='word_1_216' title='bbox 916 4135 951 4192; x_wconf 82' lang='grc' dir='ltr'><strong><em>τά</em></strong></span> <span class='ocrx_word' id='word_1_217' title='bbox 971 4136 1003 4194; x_wconf 68' lang='grc' dir='ltr'><strong><em>δὲ</em></strong></span> <span class='ocrx_word' id='word_1_218' title='bbox 1023 4134 1107 4192; x_wconf 81' lang='grc' dir='ltr'><strong><em>πάλιν</em></strong></span> <span class='ocrx_word' id='word_1_219' title='bbox 1126 4143 1322 4210; x_wconf 84' lang='grc' dir='ltr'><strong><em>φθείρεσθαι,</em></strong></span> 
     </span>
     <span class='ocr_line' id='line_1_36' title="bbox 250 4226 966 4301; baseline -0.003 -17"><span class='ocrx_word' id='word_1_220' title='bbox 250 4227 368 4301; x_wconf 86' lang='grc' dir='ltr'><strong><em>μάλιστα</em></strong></span> <span class='ocrx_word' id='word_1_221' title='bbox 387 4228 439 4299; x_wconf 73' lang='grc' dir='ltr'><strong><em>μὲν</em></strong></span> <span class='ocrx_word' id='word_1_222' title='bbox 458 4229 488 4284; x_wconf 83' lang='grc' dir='ltr'><strong><em>οί</em></strong></span> <span class='ocrx_word' id='word_1_223' title='bbox 503 4230 568 4300; x_wconf 78' lang='grc' dir='ltr'><strong><em>περὶ</em></strong></span> <span class='ocrx_word' id='word_1_224' title='bbox 586 4226 636 4286; x_wconf 84' lang='grc' dir='ltr'><strong><em>τὸν</em></strong></span> <span class='ocrx_word' id='word_1_225' title='bbox 651 4227 789 4285; x_wconf 84' lang='grc' dir='ltr'><strong><em>Ἡσίοδον.</em></strong></span> <span class='ocrx_word' id='word_1_226' title='bbox 827 4228 966 4300; x_wconf 63' lang='lat' dir='ltr'><strong>Goetm</strong></span> 
     </span>
    </p>
   </div>
   <div class='ocr_carea' id='block_1_14' title="bbox 0 0 1456 4900">
    <p class='ocr_par' dir='ltr' id='par_1_18' title="bbox 0 0 1456 4900">
     <span class='ocr_line' id='line_1_37' title="bbox 0 0 1456 4900; baseline 0 0"><span class='ocrx_word' id='word_1_227' title='bbox 0 0 1456 4900; x_wconf 95' lang='lat' dir='ltr'><strong><em> </em></strong></span> 
     </span>
    </p>
   </div>
  </div>
 </body>
</html>
