2904 4900
623 296 735 350 εοοα.
1148 297 1212 365 369

188 451 316 539 ἀνδρὸς
338 449 399 539 μὲν
423 452 584 537 στέφανοι
605 455 733 536 παῖδες,
755 449 878 541 πύργοι
902 451 940 520 δὲ
963 451 1099 540 πόληος·

190 561 286 626 ἵπποι
310 553 341 625 δ’
367 549 410 626 αὖ
432 562 552 627 πεδίου
575 556 708 645 κόσμος,
732 561 811 645 νήες
834 555 872 626 δὲ
893 559 1080 648 θαλάσσης·

561 690 579 728 ιι
668 690 686 729 ιι
775 691 794 731 ιι

188 770 283 843 λαοῖς
306 761 338 830 δ’
364 767 416 831 εἰν
438 761 580 852 ἀγορῇσι
599 762 786 851 καθήμενοι
810 761 1039 850 εἰςοράασθαι.

101 891 120 960 ε
188 872 377 958 αἰθομένου
401 869 438 938 δὲ
461 867 567 959 πυρὸς
588 869 814 960 γεραρώτερος
838 867 930 951 οἰκος
952 872 1088 940 ἰδέσθαι

188 974 289 1064 ήματι
311 981 477 1068 χειμερίῳ,
501 972 627 1045 ὁπόταν
650 982 770 1066 νίφησι
793 982 962 1066 Κρονίων.

81 1105 140 1154 325
234 1084 365 1151 ἐκεῖθεν
389 1081 427 1151 δὲ
444 1081 717 1172 παραγενόμενος
743 1088 790 1164 εἰς
811 1082 1001 1172 Κόρινθον,
1022 1087 1209 1181 ἐρραψῴδει
1229 1117 1265 1165 44

141 1188 184 1259 τά
219 1188 396 1276 ποιήματα.
448 1190 602 1277 τιμηθεὶς
642 1189 679 1258 δὲ
721 1188 871 1278 μεγάλως
907 1197 1126 1280 παραγίνεται
1163 1199 1210 1276 εἰς

131 1295 270 1385 Ἄργος·
293 1298 349 1364 καί
373 1298 460 1382 λέγει
484 1300 519 1365 έκ
541 1301 599 1383 τής
619 1293 760 1377 Ἰλιάδος
783 1294 822 1364 τά
847 1301 907 1383 ἔπη
929 1296 1022 1366 τάδε·

85 1426 122 1476 10
188 1410 226 1471 οἳ
247 1401 278 1470 δ’
296 1401 418 1490 ’Ἄργος
440 1401 470 1471 τ’
491 1400 583 1491 εἰχον
611 1402 765 1492 Τίρυνθά
787 1429 822 1471 τε
844 1402 1063 1491 τειχιόεσσαν,
1165 1465 1166 1468 ,

183 1508 367 1600 Ἑρμιόνην
390 1507 419 1578 τ’
442 1509 578 1596 Ἀσίνην
595 1536 645 1596 τε,
668 1508 784 1598 βαθὺν
805 1507 888 1577 κατά
910 1511 1036 1580 κόλπον
1060 1513 1209 1599 ἐχούσας,

193 1615 359 1704 Τροιζῆν’,
380 1615 515 1697 Ἠϊόνας
537 1644 582 1702 τε,
604 1617 660 1685 καὶ
682 1613 878 1704 ἀμπελόεντ’
901 1613 1116 1706 Ἐπίδαυρον,

186 1723 297 1811 νήσόυ
319 1723 349 1793 τ’
375 1733 521 1811 Αἴγιναν
546 1724 690 1812 Μάσητά
712 1749 758 1809 τε,
781 1725 899 1814 κοῦροι
923 1724 1074 1813 Ἀχαιῶν,

186 1835 255 1900 τῶν
280 1823 362 1899 αὖθ’
389 1828 572 1919 ἡγεμόνευε
595 1829 681 1920 βοήν
705 1829 835 1918 ἀγαθός
858 1832 1038 1920 Διομήδης

191 1941 365 2023 Τυδείδης,
390 1930 430 2006 οὗ
453 1939 576 2028 πατρὸς
592 1944 684 2025 έχων
708 1940 808 2026 μένος
832 1943 1001 2026 Οἰνείδαρ,

185 2045 243 2112 καλ
266 2046 449 2130 Σθένελος,
472 2049 656 2132 Καπανῆος
678 2044 875 2132 ἀγακλειτοῦ
899 2052 1000 2133 φίλος
1023 2046 1106 2128 υίός.

186 2165 275 2220 τοῖσι
299 2148 331 2218 δ’
356 2148 414 2238 ἀμ’
440 2150 642 2241 Εὐρύπυλος
664 2158 815 2240 τρίτατος
836 2159 919 2240 κίεν,
946 2153 1082 2234 ἰσόθεος
1105 2153 1187 2240 φάς,

187 2261 387 2345 Μηκιστέως
409 2256 483 2339 υίὸς
510 2263 733 2327 Ταλαϊονίδαο
757 2257 908 2340 ἄνακτος.

188 2368 224 2434 έκ
246 2365 383 2434 πάντων
408 2363 438 2432 δ’
464 2362 575 2452 ἡγεῖτο
598 2362 685 2452 βοήν
708 2363 838 2451 ἀγαθὸς
861 2365 1049 2456 Διομήδης.

186 2487 275 2543 τοῖσι
295 2471 326 2540 δ’
352 2471 409 2560 ἀμ’
436 2470 629 2558 ὀγδώκοντα
653 2473 807 2558 μέλαιναι
830 2476 907 2558 νήες
931 2473 1066 2542 ἕποντο·

187 2582 225 2648 έν
249 2577 280 2647 δ’
305 2577 429 2668 ἄνδρες
450 2580 610 2666 πολέμοιο
635 2576 802 2666 δαήμονες
825 2578 1029 2667 ἐστιχόωντο

183 2685 327 2776 Ἀργείοι
351 2684 590 2775 λινοθάρηκες,
613 2687 733 2774 κέντρα
756 2687 944 2774 πτολέμοιο.

231 2797 300 2862 τῶν
323 2790 354 2861 δ’
378 2791 536 2882 Ἀργείων
565 2797 600 2860 οἰ
620 2795 874 2881 προεστηκότες,
897 2791 1069 2883 ὑπερβολή
1093 2794 1209 2881 χαρέν-

140 2927 196 2981 τες
219 2901 271 2968 ἐπί
298 2904 345 2993 τῷ
369 2897 631 2986 ἐγκωμιάζεσθαι
654 2897 691 2968 τὸ
721 2901 818 2985 γένος
845 2898 958 2968 αὐτῶν
986 2895 1051 2968 ὑπὸ
1074 2903 1135 2967 τοῦ
1158 2901 1209 2968 ἐν·
1324 2890 1325 2895 ¹

86 3025 121 3076 25
143 3006 326 3089 δοξοτάτου
353 3009 421 3075 τῶν
444 3009 609 3093 ποιητῶν,
638 3001 741 3073 αὐτόν
765 3004 826 3092 μὲν
853 3008 1047 3074 πολυτελέσι
1071 3009 1211 3094 δωρεαῖς

142 3115 317 3201 ἐτίμησαν,
346 3111 460 3180 εἰκόνα
491 3110 528 3180 δὲ
556 3115 682 3199 χαλκήν
710 3109 972 3198 ἀναστήσαντες,
1002 3114 1209 3199 ἐψηφίσαντο

141 3225 272 3288 θυσίαν
303 3221 462 3288 ἐπιτελεῖν
488 3215 619 3310 Ὁμήρῳ
651 3215 730 3286 καθ’
763 3213 891 3306 ἡμέραν
923 3219 979 3286 καὶ
1008 3215 1090 3287 κατά
1121 3222 1209 3305 μήνα

141 3328 198 3395 καὶ
220 3324 293 3394 κατ’
326 3325 492 3411 ένιαυτόν,
522 3326 578 3393 καὶ
607 3322 713 3412 ἀλλην
740 3329 868 3392 θυσίαν
894 3329 1133 3412 πενταετηρίδα
1164 3329 1211 3405 εἰς

142 3439 228 3502 Χίον
243 3431 467 3502 ἀποστέλλειν.
491 3430 713 3519 ἐπιγράφουσι
733 3429 770 3498 δὲ
790 3431 843 3499 ἐπὶ
860 3433 919 3518 τῆς
937 3429 1066 3511 εἰκόνος
1087 3430 1209 3500 αὐτοῦ·

85 3559 124 3608 30
186 3550 284 3620 θεῖος
297 3537 442 3626 Ὅμηρος
466 3535 518 3605 ὅδ’
544 3539 643 3624 ἐστίν,
667 3533 703 3616 ὃς
722 3534 866 3625 Ἑλλάδα
888 3535 950 3627 τήν
974 3535 1182 3625 μεγάλαυχον

232 3650 343 3715 πᾶσαν
367 3643 550 3732 έκόσμησεν
573 3650 745 3711 καλλιεπεῖ
765 3650 879 3732 σοφίη,

157 3861 164 3874 χ
215 3789 249 3843 V.
270 3795 293 3845 1.
332 3785 517 3871 στέφανοι]
539 3785 624 3842 SicF.
639 3786 725 3856 vulgo
745 3784 893 3855 στέφανος.
929 3786 997 3842 Post
1010 3804 1035 3844 v.
1055 3792 1071 3841 2
1090 3787 1208 3842 lacunae

141 3878 254 4017 fflngVn}
272 3859 505 3993 {fsffoltffglef'a‘
529 3925 743 4000 καθήμενοι]
778 3927 824 3983 Sic
847 3927 880 3983 F:
906 3926 1032 3983 Goettl.
1056 3925 1124 3991 λαός
1148 3973 1154 3985 .
1175 3969 1208 3986 ..

139 4007 318 4073 καθήμενος.

214 4075 247 4132 V.
267 4078 311 4130 28.
347 4072 397 4128 καί
415 4074 480 4127 ante
499 4067 585 4139 ἀλλην
604 4069 698 4126 omisit
716 4071 746 4125 λ’.
766 4068 877 4126 addidit
894 4069 1066 4127 Westerm.

213 4146 247 4202 V.
267 4152 309 4201 30.
347 4139 576 4214 μεγάλαυχον]
597 4143 627 4200 F.
652 4138 832 4213 μεγαλαάχην
851 4156 920 4196 corr.
940 4139 1066 4197 Goettl.

215 4217 248 4273 V.
267 4224 311 4272 31.
340 4218 524 4269 καλλιεπεῖ
537 4212 653 4285 σοφίη]
668 4214 699 4270 F.
723 4213 880 4280 καλλιεπίηι
895 4213 992 4281 σοφίηι
1006 4233 1035 4267 τε
1051 4229 1119 4269 corr.
1136 4213 1212 4269 Ste-

138 4290 285 4361 phanum

195 4389 298 4429 Ηιιιοο.
312 4385 347 4426 εδ.
362 4384 473 4435 (λοιιὶὶιις.
963 4377 997 4429 24
