2948 4896
218 292 260 358 33
659 277 829 350 umoior

218 453 264 542 τῷ
288 448 350 536 μὶν
373 449 551 536 ἐπώνυμον
573 441 631 535 ἦν,
654 446 703 517 ὅτ’
729 447 784 536 ἄρ’
806 447 971 519 Ὠκεανοῦ
993 451 1068 537 περὶ
1092 448 1200 537 πηγὰς

218 553 328 642 γένθ’,
352 553 370 623 ὁ
395 554 426 622 d’
452 554 515 641 άορ
539 555 696 642 χρύσειον
721 560 795 642 ἔχεν
819 555 900 642 μετὰ
922 558 1014 643 χερσὶ
1038 563 1164 646 φίλῃσι.

217 658 264 748 χώ
288 659 350 747 μὲν
373 659 619 747 ἀποπτάμενος,
641 658 816 748 προλιπὼν
839 662 950 748 χθόνα
973 666 1098 749 μητέρα
1121 665 1253 751 μήλων,

217 765 298 835 ἵκετ’
324 769 357 847 ἐς
379 765 586 846 ἀθανάτους·
610 766 720 852 Ζηνὸς
742 765 774 834 d'
800 770 837 836 ἐν
862 767 991 855 δώμασι
1015 774 1119 854 ναίει,
1232 789 1284 839 285

216 873 365 961 βροντήν
387 899 422 940 τε
446 872 611 960 στεροπήν
633 899 669 941 τε
692 875 807 961 φέρων
832 874 891 940 Διὶ
905 873 1092 962 μητιόεντι.

288 1069 321 1123 V.
337 1071 487 1124 asa—286.
519 1069 579 1124 Hos
596 1043 692 1124 versus
709 1085 760 1138 pro
779 1068 880 1138 spuriis
898 1069 985 1126 habet
998 1069 1151 1126 Woliius
1168 1075 1284 1143 propter

217 1139 343 1194 additam
367 1139 575 1210 etymologiam.
618 1141 673 1196 Sed
701 1139 837 1196 eiusmodi
863 1139 1045 1196 derivationis
1068 1145 1196 1212 exempla
1219 1148 1285 1198 sunt

217 1211 304 1266 ctiam
322 1211 398 1279 apud
417 1210 510 1266 Hom.
528 1211 561 1264 Il.
579 1210 628 1278 IX,
643 1217 703 1266 498.
719 1217 779 1265 507,
810 1211 882 1277 XIX,
897 1217 939 1266 91.
977 1211 1067 1268 Multo
1086 1213 1176 1284 magis
1195 1214 1283 1284 suspi-

216 1280 326 1337 cionem
343 1282 459 1335 movent
476 1276 678 1350 ἀποπτάμενος
696 1281 730 1336 de
745 1281 852 1350 Pegaso
866 1281 982 1348 dictum,
1000 1283 1050 1352 qui
1068 1285 1104 1337 ab
1119 1283 1282 1352 antiquiori-

216 1352 268 1406 bus
286 1351 377 1422 poetis
396 1351 448 1406 alis
467 1369 522 1406 non
542 1354 603 1408 erat
620 1351 771 1407 instructus
790 1354 826 1420 (v.
846 1351 941 1407 adnot.
961 1352 997 1406 ad
1016 1371 1042 1408 v.
1057 1361 1096 1419 6.;
1114 1371 1180 1407 nam
1198 1354 1281 1409 nimis

217 1422 368 1478 artificiosa
386 1423 429 1478 est
447 1422 540 1478 Vossii
559 1422 709 1492 explicatio
728 1424 799 1492 Epp.
818 1423 907 1492 myth.
926 1424 947 1478 I.
966 1441 993 1492 p.
1012 1429 1103 1492 tlt),
1128 1427 1157 1479 et
1175 1425 1281 1494 μητέρα

217 1489 313 1562 μήλων
330 1493 425 1563 inepte
440 1493 576 1562 additum,
589 1507 655 1548 'cnm
669 1494 806 1548 Homerus
820 1493 852 1550 Il.
866 1493 900 1561 ΙΙ,
917 1500 969 1548 696
987 1495 1103 1560 Itonem,
1118 1495 1150 1548 Il.
1166 1495 1215 1564 IX,
1228 1502 1281 1550 475

216 1565 350 1619 Phthiam
372 1566 492 1619 matrem
514 1564 655 1633 pecudum
677 1565 831 1632 vocaverit,
854 1564 992 1620 Hesiodus
1014 1566 1069 1620 hoc
1092 1566 1154 1621 loco
1176 1569 1283 1622 terram

216 1635 390 1704 universam,
409 1651 482 1704 quae
501 1635 570 1690 alias
589 1631 668 1704 χθὼν
686 1631 878 1706 πολάφορβος,
896 1637 1099 1706 πουλυβοτείρῃ
1117 1638 1203 1692 audit
1242 1637 1281 1692 Of.

216 1706 360 1776 Leuuep.
380 1705 462 1762 adh.
481 1725 507 1761 v.
528 1705 675 1762 Schoem.
694 1724 721 1775 p.
738 1711 789 1760 158
807 1708 865 1761 not.
880 1714 905 1761 3.
933 1706 1047 1762 Flach.
1068 1707 1179 1777 System
1196 1727 1224 1778 p.
1239 1714 1283 1767 89.

218 1776 299 1842 Quod
318 1777 342 1831 ai
359 1777 401 1830 ita
420 1777 563 1844 sehabet,
581 1779 674 1832 autu.
695 1782 858 1845 284-286,
882 1793 951 1846 quos
970 1777 1079 1832 uncinis
1098 1780 1214 1834 seclusit
1232 1780 1283 1849 Pl,

217 1863 251 1902 ex
269 1846 325 1901 alio
344 1863 451 1901 conexu
469 1846 524 1900 buc
542 1847 617 1900 male
635 1847 765 1902 translati
784 1849 856 1914 sunt,
875 1851 926 1902 aut
940 1848 1103 1904 exciderunt
1116 1851 1203 1918 aliqui
1222 1869 1283 1906 ver-

215 1915 353 2041 um&
375 1918 467 1999 certae
495 1917 618 1986 regionis
643 1934 746 1974 nomen
769 1919 958 1974 continebant.
1003 1919 1109 1975 Versus
1133 1925 1282 1977 aea-283

214 2004 286 2042 erem
359 2004 416 2043 ers.

286 2057 320 2115 V.
340 2063 400 2112 282.
437 2051 481 2112 ὅτ’
501 2053 538 2111 niv
557 2058 618 2114 Bar.
638 2091 672 2101 -
691 2058 787 2130 περὶ]
807 2061 889 2114 Taur.
909 2055 996 2128 παρά.

286 2129 320 2182 V.
340 2135 402 2184 283.
443 2124 561 2200 γένθ’]
586 2131 630 2184 Ita
654 2131 699 2184 Tr.
743 2129 835 2185 Ceteri
857 2127 969 2200 yatved’
989 2137 1102 2201 praeter
1125 2131 1188 2186 Bar.
1212 2131 1281 2197 Me,

216 2199 265 2268 qui
282 2199 389 2254 habent
407 2195 532 2268 γείναθ’.
553 2201 658 2255 -Pro
679 2199 742 2271 ἔχεν
761 2202 815 2256 Pl.
835 2208 860 2258 2.
889 2203 935 2256 Tr.
953 2202 1016 2256 Bar.
1036 2203 1131 2256 Dind.
1152 2199 1230 2271 ἔχων.
1246 2232 1281 2243 -

216 2270 299 2339 φρεσὶ
318 2272 415 2339 φίλησι
432 2271 491 2324 Μ2.

285 2341 320 2398 V.
339 2347 399 2398 285.
437 2336 469 2396 ἐν
486 2342 568 2397 abest
586 2360 603 2397 a
621 2342 677 2399 Vl.

216 2514 360 2588 Πεφρηδά
386 2519 581 2588 interpretatio
607 2522 723 2590 propter
777 2520 869 2576 Schol.
889 2521 974 2576 Arist.
993 2521 1057 2575 Pac.
1074 2527 1125 2575 752
1147 2521 1177 2574 iu
1191 2521 1283 2576 Belle·

216 2591 344 2660 ignotam
363 2589 565 2660 etymologiam
580 2590 723 2644 obscurior
775 2592 915 2660 rophoute
946 2592 980 2646 fr.
1004 2597 1057 2646 314
1084 2593 1192 2648 Nauck.
1226 2593 1281 2646 ita:
1334 2637 1343 2643 ,.

216 2661 260 2726 sit,
281 2656 368 2714 Ἐνυώ
387 2660 460 2715 forte
479 2661 514 2715 ad
529 2659 679 2716 clamorem
695 2664 723 2716 et
775 2657 829 2730 ὑφ’
847 2657 952 2732 ἅρματ’
968 2659 1062 2717 ἐλθὼν
1076 2658 1166 2731 Ζηνὸς
1180 2658 1282 2729 άστροι-

214 2730 337 2786 sonitum
369 2747 426 2784 uon
458 2731 553 2800 inepte
579 2731 723 2802 relegatur
776 2740 914 2802 πηφορεί,
944 2749 1103 2800 quanquam
1126 2749 1217 2800 neque
1241 2733 1282 2786 ita

214 2804 252 2868 (v.
273 2801 399 2856 Schoem.
424 2820 451 2871 p.
473 2807 537 2867 154,
560 2801 674 2858 Diacon.
694 2821 721 2872 p.
777 2822 840 2858 cum
859 2803 982 2857 Hesiodo
1005 2816 1118 2871 prorsus
1123 2802 1280 2900 yonvenit,

215 2877 277 2939 562,
294 2877 336 2926 28.
368 2872 463 2927 Flach.
478 2890 505 2941 p.
520 2879 572 2927 315
592 2875 722 2942 φρίττειν
776 2891 839 2928 cum
858 2874 981 2943 Pegasus
1005 2873 1115 2926 dicatur
1138 2867 1281 2941 άοτραπη·

215 2939 720 3069 tttdlttt‘uttttttttttt
774 2951 885 3068 pape,
900 2941 1094 3066 ttttltt
1105 2941 1280 3082 blitilde

213 3101 267 3138 nus
285 3085 304 3138 l.
323 3085 342 3138 l.
367 3087 443 3139 etin
462 3084 635 3154 explicandis
654 3085 720 3140 Gor·
774 3083 890 3138 Vossii
916 3083 986 3152 Epp.
1009 3083 1097 3152 myth.
1121 3083 1133 3136 Ι
1164 3101 1193 3152 p.
1219 3089 1281 3142 248.

214 3155 336 3224 gonibus
367 3171 522 3226 proponere
554 3173 634 3224 posse
667 3155 721 3209 sibi
774 3153 941 3208 Boeolrhii
955 3155 1005 3208 not
1028 3155 1064 3208 ad
1078 3153 1159 3208 Pind.
1175 3154 1218 3211 01.
1233 3155 1280 3222 IV,

215 3225 291 3280 visus
319 3227 374 3294 est,
408 3241 477 3296 quas
508 3227 544 3280 ad
572 3225 659 3280 nubes
691 3227 720 3280 ct
776 3232 799 3280 1.
836 3223 993 3282 lecker.
1012 3225 1102 3293 llyth.
1127 3228 1203 3294 gent.
1222 3225 1280 3304 lap.

212 3297 332 3351 nebulas
341 3299 413 3350 mari
422 3297 583 3366 progenitas
591 3313 719 3365 vapores·
773 3314 800 3364 p.
818 3301 876 3350 183.
908 3295 963 3350 Sed
978 3296 1102 3350 omnium
1121 3297 1281 3352 doctissime

214 3384 270 3436 que
298 3383 434 3437 aquarum
461 3368 570 3433 retulit,
610 3384 626 3420 a
653 3367 720 3420 luna
775 3365 809 3420 de
829 3368 938 3436 Pegaso
962 3367 1117 3436 disputavit
1136 3368 1281 3424 Lenzius

215 3437 330 3507 eiusque
359 3438 562 3493 mutationibus
585 3454 641 3491 non
664 3437 720 3491 dis·
774 3437 804 3492 in
825 3439 896 3494 Nor.
915 3439 1031 3492 Mercnr.
1052 3437 1132 3493 Teut.
1157 3455 1181 3492 a.
1203 3443 1280 3492 1796.

211 3507 383 3580 iungendos,
407 3510 487 3564 etin
510 3509 720 3576 interpretando
774 3526 801 3579 p.
817 3514 877 3564 263.
908 3509 1018 3578 Duplex
1031 3511 1075 3562 est
1089 3511 1183 3563 autem
1199 3507 1282 3578 φέρει

214 3579 331 3651 Pegaso,
350 3581 429 3636 cuius
442 3578 600 3650 potentiam
613 3580 720 3648 praeci·
773 3579 846 3634 illud
870 3579 1027 3649 explicandi
1049 3579 1136 3646 ratio;
1164 3583 1215 3634 aut
1240 3578 1283 3634 ita

214 3667 269 3719 pue
294 3651 324 3705 in
348 3651 534 3722 producendis
564 3649 721 3720 fulguribus
774 3650 980 3720 intellegendus
1004 3651 1047 3704 est
1063 3650 1142 3706 locus
1156 3650 1281 3718 Hesiodi,

212 3721 337 3790 positam
356 3739 415 3777 esse
434 3719 565 3777 obtinuit.
775 3723 807 3775 ut
824 3722 948 3788 Pegasus
967 3721 1027 3775 Iovi
1045 3720 1165 3776 fulmina
1183 3721 1281 3776 afferre

251 3791 284 3846 V.
301 3797 363 3847 282.
391 3787 439 3847 ὅτ’
455 3786 538 3915 iip'}I
549 3791 594 3845 Sic
606 3790 680 3845 inira
694 3811 720 3848 v.
775 3791 969 3861 aCyclopibus
980 3791 1114 3846 dicendus
1124 3794 1169 3858 sit,
1185 3808 1280 3858 quem-

212 3868 277 3918 478.
294 3864 424 3919 etHotn.
439 3865 471 3920 Il.
486 3863 512 3917 V
540 3863 560 3925 l,
576 3867 641 3917 251:
662 3857 719 3916 οἵδ’
775 3862 926 3916 admodum
941 3862 1087 3918 columbae
1102 3862 1153 3918 od.
1167 3863 1226 3930 XII,
1238 3867 1280 3916 63.

212 3927 254 3994 ὡς
273 3925 325 3988 οὖν
340 3930 464 4004 εἴδονθ’,
480 3929 524 3988 ὅτ’
540 3927 588 4002 ἄρ’
605 3928 636 3987 ἐκ
651 3928 721 3996 Διὸς
776 3931 957 3999 ambrosiam,
981 3935 1030 3987 aut
1047 3933 1101 4001 ita,
1119 3934 1152 3986 ut
1170 3949 1280 3986 currum

211 3999 324 4071 ἤλυθεν
343 4002 428 4074 ὄρνις.
775 4002 856 4070 Iovis,
871 4019 949 4058 arma
962 4003 1111 4058 fulminum
1122 4003 1280 4072 gestantem

251 4075 285 4132 V.
309 4081 467 4132 aet-286.
511 4074 587 4140 Quae
615 4073 662 4130 hic
688 4075 722 4129 de
776 4072 861 4142 (unde
885 4070 1101 4144 ἕχχεικὲραννος
1124 4072 1280 4127 aPindaro

215 4144 324 4216 Pegaso
344 4149 492 4202 narrantur
506 4146 577 4200 mira
592 4149 656 4200 suut
671 4163 722 4201 nec
776 4145 878 4199 dicitur
887 4145 1031 4215 luppiter),
1046 4144 1148 4197 vehere
1164 4143 1280 4198 dicatur.

213 4233 234 4268 a
260 4234 403 4287 quoquam
430 4218 485 4272 alio
508 4219 593 4286 poeta
615 4217 722 4272 tradita
775 4215 848 4269 Hinc
872 4215 958 4269 etiam
975 4217 1097 4282 Aurora,
1122 4231 1194 4283 quae
1212 4214 1282 4269 item

214 4290 329 4353 praeter
346 4289 560 4358 Euripidem,
580 4289 628 4357 qui
646 4288 722 4356 apud
776 4286 884 4355 Pegaso
899 4288 1040 4352 utebatur,
1055 4281 1219 4354 μονόκωλος
1234 4301 1281 4340 au·
