2892 4902
1127 351 1218 399 LXIII

141 497 262 558 familia
287 498 332 556 sic
354 515 427 574 prae
455 497 563 558 ceteris
595 497 728 571 excellit,
758 501 793 558 ut
815 497 847 558 in
869 498 943 558 locis
966 497 1081 574 dubiis,
1111 499 1218 575 quales

142 604 204 646 non
234 587 327 662 pauci
359 590 444 662 sunt,
467 587 575 647 borum
604 585 784 646 auctoritate
810 586 954 646 iudicium
982 589 1120 647 nostrum
1149 587 1216 663 regi

143 674 271 751 possit.“
295 673 554 751 —Apparatum
586 673 723 752 denique
744 675 880 735 cutiam
911 675 1000 735 nnius
1030 674 1216 752 alteriusque

145 763 257 824 codicis
287 781 305 822 a
334 761 520 840 Goettlingio
542 782 603 824 uon
625 763 755 823 adhibiti
785 763 934 840 scriptura
956 765 1214 842 locupletavimus,

144 852 238 929 idque
262 870 382 912 summa
400 870 459 928 qua
478 870 582 911 sumus
605 853 637 911 iu
659 853 796 912 omnibns
819 854 910 913 rebus
933 854 980 912 usi
1003 853 1219 915 moderatione.

239 939 373 1015 Codices,
396 959 470 1016 quos
494 939 694 1010 adhibuimus,
718 944 789 1000 sunt
810 941 851 1000 hi

238 1030 263 1088 I.
296 1027 446 1089 Codices
470 1029 777 1090 meliorisnotae.

132 1139 141 1152 ·
243 1109 277 1196 1)
301 1118 357 1177 Μ5
383 1142 426 1165 =
449 1117 536 1178 Med.
559 1118 652 1177 Plut.
676 1117 774 1176 XXXI
797 1119 868 1178 cod.
893 1120 949 1194 39,
972 1119 1221 1178 membranaceus

148 1205 265 1267 saeculi
287 1205 333 1264 XI
355 1197 520 1286 (Medioeus
545 1207 625 1283 apud
652 1206 807 1279 bannum,
841 1207 872 1265 M
900 1207 981 1282 apud
1008 1201 1218 1287 Koechlyum)‚

147 1297 273 1372 praeter
304 1293 430 1354 Hesiodi
464 1293 564 1371 Opera
591 1299 623 1354 et
654 1295 726 1356 Dies
756 1295 848 1354 etiam
881 1293 1010 1372 Oppiani
1045 1296 1221 1356 Halieutioa

149 1383 324 1455 continens,
357 1383 489 1443 omnium
511 1384 601 1459 longe
632 1384 919 1459 praestantissimus.
969 1385 1015 1443 De
1040 1385 1096 1445 hoc
1119 1384 1222 1445 codice

148 1471 654 1549 Koechlyus-Kinkelius
683 1493 711 1548 p.
736 1472 791 1532 IX:
820 1471 919 1548 „Quos
943 1472 1023 1532 inter
1039 1473 1221 1550 integriores

149 1561 267 1621 codices
298 1561 429 1620 eminere
459 1561 504 1634 M,
534 1561 585 1636 qui
615 1564 664 1621 est
690 1561 889 1621 bibliothecae
917 1561 1007 1620 Laur.
1030 1561 1141 1634 XXXI,
1167 1563 1217 1633 39,

148 1651 214 1709 iam
243 1651 295 1708 diu
325 1651 497 1722 constabat,
530 1650 582 1709 sed
611 1653 795 1726 quantopere
822 1651 937 1710 eeteros
961 1668 1062 1710 omnes
1087 1649 1222 1726 adeoque

148 1757 214 1798 non
239 1738 339 1797 minus
366 1741 520 1797 vetustum
543 1739 727 1798 Messanium
751 1737 789 1797 ab
813 1736 940 1798 Alberto
963 1737 1092 1798 Guethio
1120 1738 1221 1814 prola-

149 1831 220 1886 tum
234 1830 375 1902 superet,
398 1845 476 1886 nuuc
499 1826 633 1901 demum,
656 1828 816 1903 postquam
839 1826 972 1888 Kinkclii
994 1825 1155 1903 diligentia
1177 1825 1220 1884 di-

150 1933 261 1976 versae
284 1915 348 1974 eius
371 1932 477 1975 manus
501 1919 640 1976 accurate
664 1915 824 1975 distinctae
847 1919 926 1991 sunt,
948 1916 1068 1992 penitus
1092 1915 1223 1991 perspici

149 2004 232 2064 licet.
279 2001 372 2063 Cuius
398 2003 542 2063 bonitatis
571 2024 638 2064 cum
664 2005 697 2062 in
719 2005 824 2080 quavis
847 2005 911 2064 fere
935 2003 1074 2064 editionis
1097 2007 1222 2063 nostrae

149 2093 265 2170 pagiua
288 2092 478 2152 documenta
488 2093 693 2164 inveniantur,
721 2112 814 2151 unum
836 2092 884 2154 hic
908 2092 960 2152 sed
982 2093 1101 2170 insigne
1125 2112 1224 2152 exem-

151 2177 252 2258 plum
270 2185 393 2242 notasse
426 2181 550 2256 sufficit,
583 2181 662 2258 quod
691 2182 773 2241 solus
800 2177 855 2241 n'eo
883 2201 911 2243 v.
940 2184 1005 2241 310
1027 2200 1082 2241 neo
1104 2201 1132 2243 v.
1156 2183 1220 2242 318
1301 2260 1304 2264 ι

152 2271 259 2330 habet:
292 2271 372 2329 huuc
403 2269 481 2328 enim
515 2271 594 2346 quod
626 2270 718 2329 tertia
749 2289 856 2329 manus
892 2270 1024 2346 margini
1054 2269 1224 2346 adscripsit,

151 2359 266 2418 nullius
287 2361 334 2418 cst
352 2359 504 2418 moment-i.
531 2358 656 2434 ltaque
673 2359 753 2419 hunc
775 2359 1068 2434 praestantissimum
1092 2358 1223 2418 codicem

152 2450 189 2506 ut
219 2446 415 2523 praecipuum
444 2447 672 2508 fundamentum
701 2447 867 2506 recensioni
893 2465 979 2508 meae
1008 2445 1141 2520 subdidi,
1167 2465 1225 2522 pro

152 2537 241 2596 unico
259 2536 419 2612 quominus
438 2537 548 2595 babere
565 2553 686 2611 possem
705 2554 833 2612 eumque
847 2538 900 2595 aut
922 2554 959 2595 ex
971 2535 1036 2611 ipso
1058 2535 1226 2610 archetypo

154 2624 337 2701 descriptum
363 2627 417 2683 aut
439 2643 626 2685 communem
649 2628 816 2686 ceteromm
838 2625 952 2685 fontem
975 2641 1141 2698 censerem,
1164 2623 1223 2683 loci

154 2713 231 2773 satis
254 2713 345 2772 multi
373 2713 547 2788 obstabant,
575 2715 626 2790 qui
653 2713 750 2774 levius
773 2713 955 2790 manusque
978 2711 1111 2788 corrupti
1133 2730 1169 2771 οο
1190 2711 1223 2772 iu

152 2803 255 2862 codice
282 2803 428 2878 leguntur
454 2802 565 2880 partim
593 2801 714 2878 quidem
740 2803 957 2879 posterioribus
990 2802 1054 2861 eius
1084 2800 1227 2860 manibus

154 2890 295 2965 correcti,
324 2890 378 2950 sed
405 2909 506 2951 omnes
534 2891 602 2951 aliis
631 2891 781 2951 codicibus
810 2891 996 2952 emendatius
1020 2885 1141 2949 oblati.“
1187 2888 1227 2948 V.

153 2979 278 3040 Flaoh.
307 2977 355 3037 die
383 2979 490 3039 beiden
513 2981 642 3040 tltcsteu
664 2979 901 3040 Handscbriften
924 2981 976 3040 des
994 2977 1109 3038 Hesiod
1131 2997 1159 3052 p.
1181 2981 1223 3037 17

153 3087 217 3144 seq.
263 3060 402 3147 (Leipzig
427 3060 582 3149 1877).³²)

227 3257 274 3324 32)
293 3253 425 3310 Codicem
444 3254 588 3326 egregium
611 3272 646 3310 ex
659 3255 825 3322 uncialibus,
843 3257 877 3311 ut
894 3255 983 3326 aiunt,
1000 3254 1104 3310 litteris
1123 3254 1228 3310 descri-

152 3327 236 3397 ptum
264 3325 414 3382 Kirkelius
441 3325 649 3382 accuratissime
677 3325 798 3382 contulit
825 3325 1006 3397 singulasque
1033 3327 1227 3382 comestorum

153 3413 255 3454 manus
274 3396 443 3468 singulaque
461 3396 633 3452 lineamenta
651 3413 761 3453 summa
779 3397 934 3468 sagacitate
953 3397 1091 3452 distinxit.
1128 3397 1225 3465 Nuper

154 3470 253 3524 anum
271 3467 327 3538 ipsi
345 3467 449 3522 librum
463 3468 685 3536 retractavimus,
703 3467 778 3523 nude
796 3484 952 3539 perpaucos
969 3469 1046 3523 locos
1066 3483 1083 3523 a
1100 3466 1225 3521 Kinlrelii
1261 3477 1264 3484 ·

154 3539 308 3595 collatione
323 3539 514 3609 discrepantes
527 3539 704 3594 notavimust
722 3557 749 3592 v.
764 3544 798 3594 39
812 3539 929 3594 δικᾶοαι
947 3557 984 3593 m.
1004 3539 1082 3609 ipro
1100 3533 1225 3604 δικάσαι,

155 3615 192 3666 50
209 3611 305 3680 scripu
328 3628 356 3680 p.
381 3605 488 3680 κρύψε,
513 3615 547 3666 59
572 3604 660 3679 ἔφαθ’
684 3629 712 3680 p.
733 3604 828 3679 ἔφατ’,
852 3616 885 3666 32
908 3605 1069 3671 ἀθανάτοις
1091 3605 1124 3662 di
1143 3611 1226 3670 θεοῖς

154 3700 194 3737 m.
212 3682 267 3752 Ip.
288 3675 453 3744 ἀθανάταις
471 3678 504 3736 di
523 3684 609 3744 θοαῖς
627 3681 733 3752 (itaque
748 3681 900 3737 Dorvillius
918 3676 1070 3735 ἀθανάτου
1089 3676 1121 3733 ct
1140 3679 1229 3746 θεοῦ,

154 3769 230 3878 ppmu
245 3754 352 3877 post-o
374 3751 611 3877 litteraelerasae
637 3751 842 3878 Viffpwffifflii
855 3754 993 3876 posunt1)‚
1021 3756 1056 3806 69
1076 3743 1159 3874 dclp.
1174 3742 1226 3875 gp:

156 3893 198 3958 εἰς
209 3844 247 3966 oliv
264 3837 711 3964 Iguiilqlorcipslslir'osa’pliosilparicus:
721 3832 772 3949 2111
792 3840 939 3962 citiori&
955 3838 1226 3962 m.nInp.morc'(istcts‚

155 3972 207 4022 212
226 3960 267 4030 ὃς
307 4006 314 4019 .
339 3955 387 4030 ὦς,
410 3970 462 4020 258
485 3965 534 4036 μὶν
556 3983 594 4020 m.
612 3964 626 4018 I
644 3983 672 4036 p.
698 3965 765 4035 ple,
794 3969 846 4019 230
869 3958 978 4020 ἀδίκων
1001 3958 1070 4018 νόον
1088 3980 1125 4017 m.
1143 3963 1157 4016 I
1174 3962 1228 4032 (sic

156 4037 243 4094 etiam
298 4053 352 4092 ess.
371 4035 447 4104 Par.)
471 4054 499 4106 p.
519 4030 628 4092 ἀδίκων
647 4035 749 4092 omium
767 4030 849 4104 νόον,
875 4039 927 4090 333
946 4029 1080 4104 ditescas
1100 4049 1169 4089 corr.
1188 4049 1225 4086 m.

154 4108 189 4180 Il,
207 4127 265 4166 non
284 4108 376 4175 mli,
400 4113 454 4162 373
477 4101 515 4170 ὃς
554 4099 630 4174 ‚cic¹
658 4113 710 4162 379
732 4124 838 4186 asam.
857 4106 870 4159 l
888 4126 905 4160 ο
923 4104 1030 4160 delevit
1047 4123 1083 4160 m.
1101 4105 1129 4159 'Il
1146 4122 1174 4174 p.
1193 4121 1227 4157 aa

155 4199 188 4237 m.
208 4183 231 4250 Ι,
250 4185 307 4236 425
326 4172 386 4232 ἀπό
400 4177 456 4232 ac's
474 4197 502 4248 p.
543 4174 579 4233 πό
603 4177 636 4234 ab
661 4180 737 4246 (nam
761 4187 794 4232 aa
814 4201 849 4222 ε·
867 4180 937 4246 aas),
956 4182 1009 4231 433
1030 4171 1169 4243 inversion
1188 4191 1228 4227 m.

154 4253 167 4308 I
183 4271 212 4324 p.
233 4248 402 4318 ἔνοοιετῆοε,
421 4254 473 4303 lca
488 4245 563 4338 fliete
580 4267 607 4320 p.
624 4249 700 4322 ῥοῦς,
720 4253 772 4304 523
792 4245 894 4303 ἔνδοθι
911 4265 938 4318 p.
954 4245 1086 4313 ἔνδοθεν,
1105 4250 1157 4300 559
1176 4241 1229 4298 coi·

152 4344 219 4398 μιοο
239 4325 270 4380 ct
287 4323 360 4392 post
377 4336 445 4375 corr.
464 4339 564 4391 τομισο
586 4339 614 4392 ρ.
633 4315 734 4390 τόμιοο
752 4337 789 4376 m.
808 4319 833 4387 1,
859 4324 911 4375 587
936 4313 1064 4388 κεφαλήν
1083 4333 1113 4370 ce
1132 4314 1181 4370 aul
1198 4332 1228 4385 p.
