2892 4902
232 311 336 360 XXXII

234 462 345 523 Anccd.
368 481 396 536 p.
421 462 484 521 766
507 451 527 538 ἢ
550 447 606 520 οὖν
629 452 688 519 άπὸ
710 461 762 537 τῆς
779 453 895 538 ῥάβδου
917 456 967 519 καὶ
989 462 1041 538 τῆς
1063 452 1144 542 ρἰδῇς
1166 457 1305 538 ἐτυμολο-

234 556 326 632 ρεῖται
349 543 367 626 ἡ
391 548 541 631 ῥαψῳδία,
564 541 583 626 ἢ
608 540 667 609 άπὸ
690 550 743 608 τοῦ
766 541 901 627 ῥάπτειν,
927 542 1000 628 ὅπερ
1023 547 1081 610 ἐστὶ
1104 541 1139 608 τά
1163 548 1302 610 διεστῶτα

231 637 285 700 aul
308 634 556 716 διανεχωρισμένα
580 636 621 709 εἰς
639 636 678 696 ’ὲν
699 630 885 696 συνάπτοντα
908 630 1047 718 ὑγιάζειν.
1093 637 1176 708 Quae
1199 642 1302 698 autem

237 729 296 788 erit
331 745 403 788 vera
438 727 528 786 huius
564 726 694 786 nominis
736 725 936 802 significatio?
964 726 1123 786 Wolfius
1160 724 1301 804 Prolegg.

234 839 263 894 p.
286 815 384 875 XCVI
406 817 462 874 ita:
491 814 590 890 „Quae
619 815 739 891 quidem
767 817 813 874 cst
842 833 915 874 vera
943 815 1127 892 etymologia
1149 807 1244 895 (παρά
1267 809 1300 876 τὸ

234 899 354 987 ῥάπτειν
377 897 488 987 ᾠδήν),
512 904 564 963 sed
587 923 624 964 ex
646 903 848 978 antiquiorum
870 907 1040 980 temporum
1062 904 1184 981 ingenio
1206 905 1299 964 inter-

234 994 390 1072 pretanda.
436 992 550 1069 Quippe
573 993 656 1052 aliud
679 996 726 1052 eal
753 991 930 1051 breviora
957 993 1116 1052 carmina
1138 993 1240 1052 modo
1264 997 1300 1053 ei

234 1083 365 1144 ordine
392 1082 565 1160 publicae
596 1080 822 1142 recitationi
856 1084 944 1156 apio
974 1085 1206 1156 connectere,
1237 1099 1300 1156 seu,

233 1175 268 1231 ut
290 1171 413 1230 Pindari
437 1169 534 1230 Schol.
556 1171 607 1244 aii,
631 1162 734 1248 εἱρμάν
756 1190 822 1228 τινα
844 1167 894 1228 καὶ
916 1163 1019 1250 ῥαφὴν
1042 1171 1193 1245 adhibere,
1216 1170 1301 1230 aliud

231 1264 390 1321 centonem
417 1256 585 1319 consuere.“
631 1258 745 1330 Quibus
773 1261 960 1334 postpauca
982 1259 1111 1319 addidit:
1141 1257 1301 1336 „simplici-

233 1353 281 1409 ier
304 1350 342 1408 ad
366 1351 508 1408 cantum
530 1346 787 1423 rhapsodicum
810 1346 959 1406 trahenda
981 1352 1028 1408 esi
1045 1348 1156 1408 locutio
1180 1341 1300 1428 ῥάπτειν

232 1431 345 1516 άοιδήν
373 1438 405 1496 in
433 1437 571 1497 versibus
600 1435 734 1496 Hesiodo
768 1435 892 1495 tribulis
927 1455 975 1511 ap.
1010 1436 1107 1496 Schol.
1139 1435 1300 1512 Pinda1i;“

233 1546 330 1604 neque
354 1525 477 1586 dubium
501 1544 568 1585 csse
590 1526 706 1601 potest,
730 1524 804 1600 ¹quin
826 1516 927 1584 άοιδοί
946 1525 978 1584 in
1000 1525 1048 1585 his
1070 1525 1207 1586 versibus
1231 1544 1299 1601 pro·

233 1616 298 1692 prie
326 1615 476 1675 adiectum
504 1615 544 1674 sii
570 1617 694 1689 propter
716 1612 893 1685 Homerum,
922 1632 989 1672 cum
1018 1607 1169 1694 ῥάψαντες
1191 1607 1300 1691 άοιδήν

232 1704 383 1780 pertinere
411 1704 448 1762 ad
478 1703 645 1763 Hesiodum
674 1702 826 1762 videatur:
855 1695 975 1782 ῥάπτειν
1005 1703 1084 1762 enim
1113 1695 1195 1786 ᾠδήν
1224 1703 1301 1762 nihil

232 1796 282 1852 est
304 1792 386 1851 aliud
405 1810 495 1867 quam
514 1790 716 1851 declamare
740 1791 912 1865 carmina,
935 1793 1026 1867 atque
1050 1791 1301 1868 quemadmodum

233 1884 314 1940 recte
348 1898 546 1939 sermonem
584 1878 762 1938 Latinorum
798 1879 968 1940 derivamus
1001 1899 1020 1938 a
1053 1881 1218 1940 serendis
1251 1880 1300 1939 vel

234 1968 472 2029 conserendis
499 1968 638 2044 verbis,
666 1968 708 2027 sic
735 1968 829 2027 eiiam
855 1962 976 2047 ῥάπτειν
1003 1961 1078 2049 (non
1106 1961 1299 2050 συρράπτειν)

235 2051 320 2143 ᾠδήν
343 2057 452 2116 dicitur
475 2056 512 2116 de
535 2057 700 2116 serendis
724 2057 963 2131 carminibus,
990 2058 1009 2117 i.
1033 2077 1057 2118 e.
1081 2057 1118 2118 dc
1141 2077 1301 2134 pronun-

234 2147 361 2206 hianda
383 2147 472 2205 bene
501 2147 670 2205 contexta
697 2146 874 2208 oratione.
919 2145 965 2205 De
988 2145 1211 2222 Xenophane
1235 2147 1300 2222 phi-

234 2235 373 2309 losopho,
402 2253 489 2310 quem
511 2234 631 2310 publice
654 2234 837 2294 declamasse
861 2255 936 2309 sua,
963 2254 1024 2295 non
1046 2235 1145 2295 aliena
1168 2235 1301 2295 carmina

234 2326 361 2396 constal,
384 2322 564 2399 Diogenes
587 2323 706 2382 Laerb.
729 2323 781 2397 IX,
806 2325 834 2401 2,
859 2326 877 2385 3
903 2324 1007 2384 eodem
1024 2325 1169 2384 vocabulo
1187 2325 1299 2383 utitur:

235 2404 308 2471 ἀλλὰ
331 2408 381 2470 καὶ
404 2403 492 2484 αὐτὸς
515 2405 682 2497 ἐρραψῴδει
704 2405 739 2472 τά
758 2409 873 2473 ἑαυτοῦ.
919 2412 1002 2472 Haec
1024 2413 1243 2489 rhapsodorum
1267 2415 1299 2470 ei

234 2503 391 2576 poetarum
424 2500 575 2576 epicorum
608 2502 765 2561 diversitas
803 2501 977 2579 agnoscitur
1015 2502 1106 2560 eiiam
1137 2502 1170 2560 in
1200 2500 1299 2560 titulis

235 2588 440 2649 Orchomeniis
471 2609 500 2649 n.
535 2591 629 2650 1583.
660 2590 804 2662 Boeckh,
832 2590 886 2648 ubi
913 2591 967 2648 sic:
1002 2582 1132 2659 ποιειτάς
1164 2582 1300 2668 Μήστωρ

235 2671 396 2756 Μήστορος
425 2673 593 2752 Φωκαιεάς,
622 2682 665 2738 et:
693 2670 873 2758 ῥαψαάυδδς
906 2672 1034 2753 Κράτων
1065 2673 1202 2745 Κλίιουος
1236 2676 1301 2734 Θει·

234 2765 324 2845 βεῑος,
348 2769 379 2825 ct
400 2785 428 2826 n.
454 2768 549 2840 1584,
571 2768 624 2827 ubi
646 2759 790 2847 ῥαψῳδὸς
808 2757 985 2839 Νουμήνιος
1008 2759 1189 2836 Νουμηνίου
1208 2754 1301 2836 Ἀθη-

234 2858 329 2930 ναῖος,
351 2847 475 2933 ποιητὴς
503 2853 583 2915 ἐπῶν
603 2847 735 2932 Ἀμινίας
758 2843 974 2912 Ἀπολλοδότου
997 2848 1156 2925 Κρησαῖος.
1203 2845 1247 2906 Of.
1272 2868 1300 2910 n.

237 2946 332 3005 1585.
358 2947 451 3005 1587.
498 2944 556 3004 Sed
583 2943 668 3020 quid,
698 2942 724 3000 si
750 2940 842 2998 eliam
868 2935 993 2995 Homeri
1020 2936 1141 3012 'singula
1167 2937 1301 2996 carmina

234 3033 412 3108 rhapsodiae
440 3031 636 3092 dicebantur?
668 3030 785 3103 Nempe
813 3027 927 3084 facturn
954 3024 985 3083 id
1013 3029 1060 3084 est
1082 3028 1202 3101 postero
1225 3029 1300 3085 tem-

234 3140 320 3198 pore,
347 3141 405 3197 quo
433 3122 525 3180 eiiam
551 3117 676 3178 Homeri
703 3115 836 3175 carmina
863 3114 927 3174 sine
956 3113 1064 3174 fidibus
1094 3133 1113 3172 a
1139 3114 1299 3191 rhapsodis

233 3209 517 3282 declamitabanlur,
546 3208 662 3281 postea
679 3203 795 3279 tragico
824 3203 916 3262 etiam
938 3204 976 3262 ad
998 3202 1054 3263 hoc
1076 3203 1232 3278 negotium
1254 3204 1299 3262 in-

234 3298 358 3357 structis
376 3297 490 3356 vestitu
510 3298 541 3353 et
559 3291 692 3352 armatis.
738 3290 775 3349 V.
793 3290 932 3351 Platon.
950 3292 1014 3352 Ion
1032 3313 1061 3368 p.
1080 3293 1154 3352 530.
1187 3292 1300 3352 Xeno-

233 3387 339 3462 phon.
361 3386 451 3444 Mem.
474 3383 526 3459 IV,
552 3385 583 3457 2,
609 3383 659 3440 10.
697 3377 825 3442 Athen.
847 3380 927 3440 XIV.
957 3401 986 3457 p.
1011 3381 1074 3440 620
1099 3378 1131 3439 C.
1171 3381 1300 3440 Achil·

233 3475 288 3534 les
313 3475 389 3532 Tai.
412 3473 467 3546 III,
492 3474 544 3531 20.
590 3467 634 3527 cf.
663 3467 782 3527 Meier.
809 3488 837 3529 v.
865 3470 1096 3529 Panathenaeen
1123 3469 1155 3527 in
1177 3469 1300 3546 Encyol.

234 3583 263 3639 p.
289 3564 353 3622 284
377 3580 419 3637 sq.
465 3558 584 3617 Primus
606 3556 726 3616 ridetur
749 3555 956 3633 Cynaethus
981 3557 1092 3617 Chius
1116 3557 1223 3633 fuisse,
1248 3557 1300 3634 qui

234 3652 312 3710 hanc
336 3650 400 3708 sine
422 3646 533 3705 fidibus
556 3645 688 3704 carmina
710 3646 855 3705 recitandi
877 3647 1025 3707 rationem
1048 3647 1086 3705 ad
1109 3645 1300 3706 Homericam

234 3739 339 3816 possin
367 3733 558 3810 transferret,
587 3733 623 3792 de
650 3753 709 3810 quo
735 3754 764 3795 v.
791 3734 967 3796 Welckor.
991 3734 1072 3811 Cycl.
1103 3754 1147 3810 ep.
1171 3755 1201 3810 p.
1225 3736 1298 3795 358.

236 3827 337 3902 Atque
360 3825 521 3882 immutata
549 3823 641 3881 semel
668 3823 724 3881 hac
751 3823 894 3900 rhapsodi
921 3824 1060 3884 vocabuli
1083 3822 1300 3900 significatione

236 3935 271 3976 eo
296 3913 387 3973 etiam
405 3913 581 3987 perventum
601 3915 655 3987 esi,
678 3914 714 3970 ut
735 3912 879 3988 rhapsodi
901 3911 1098 3972 histrionibus
1123 3912 1154 3970 el
1177 3899 1300 3970 choreu-

234 4005 277 4062 iis
307 4003 544 4077 opponerentur,
573 3999 593 4061 i.
623 4019 648 4059 e.
682 4001 855 4061 dramaticis
893 4004 924 4060 et
953 4000 1056 4078 lyricis
1087 3993 1128 4080 (v.
1159 3999 1300 4059 Platon.

236 4091 326 4150 Polit.
357 4090 382 4148 Ι.
408 4110 437 4166 p.
466 4092 538 4150 373.
566 4089 601 4149 B.
628 4089 723 4166 Legg.
757 4089 796 4148 Π.
827 4110 856 4166 p.
890 4083 977 4170 658).
1030 4088 1089 4148 Sed
1118 4087 1298 4163 procedente

235 4182 369 4256 tempore
391 4179 435 4239 ita
457 4178 617 4238 immutata
640 4182 686 4238 esi
710 4178 802 4237 etiam
824 4178 1043 4239 Hesiodeorum
1066 4175 1231 4237 carminum
1254 4196 1302 4235 re·
1425 4237 1426 4260 ρ

180 4325 186 4334 ,
233 4267 351 4344 citatio,
379 4271 414 4328 ut
441 4269 479 4328 ad
506 4269 605 4345 lyram
633 4270 821 4327 canerentur.
866 4266 994 4326 Athen.
1018 4266 1100 4327 XlV.
1122 4284 1150 4340 p.
1175 4267 1239 4325 620
1264 4265 1302 4326 0:
