2938 4892
235 281 299 347 226
697 281 866 336 ΗΣΙΟΔΟΤ

235 443 387 517 πίστεις
409 436 474 526 γάρ
496 463 548 505 τοι
568 433 658 524 ipsis
679 436 737 505 καὶ
754 434 903 505 ἀπιστίαι
922 434 1051 504 ὤλεσαν
1070 435 1222 523 ἄνδρας]

1172 547 1182 584 Ι

235 649 336 737 Μηδὲ
359 649 446 736 γυνή
469 669 507 718 σε
529 650 613 720 νόον
636 649 842 736 πυγοστόλος
864 648 1052 732 ἐξαπατάτω

236 756 359 844 αἱμύλα
381 761 606 843 κωτίλλουσα,
628 755 706 844 τεὴν
730 760 864 844 διφώσα
885 756 1015 843 καλιήν.

235 861 272 944 ὃς
296 862 333 931 δὲ
355 865 489 949 γυναιξὶ
512 866 696 949 πέποιθε,
720 861 855 932 πέποιθ’
881 861 939 949 ὅγε
961 863 1137 952 φηλήτῃσι.
1247 885 1302 936 376

233 1074 459 1162 Μουνογενὴς
482 1074 520 1142 δὲ
542 1073 633 1156 πάϊς
657 1073 752 1143 οἶκον
775 1073 945 1164 πάτρώῑον
969 1083 1019 1162 εἴη

305 1272 339 1326 V.
362 1277 424 1326 372.
466 1265 528 1340 γάρ
555 1270 625 1342 τοι]
667 1269 713 1325 sie
736 1269 913 1325 scribendum
936 1271 979 1325 est
1006 1279 1070 1326 enm
1092 1271 1200 1327 Benti
1229 1274 1300 1328 Pel.

235 1343 355 1472 {heitttzi
389 1341 476 1402 Godd.
499 1337 556 1412 ἄρα
578 1336 654 1411 ὁμῶς
676 1341 723 1400 vel
744 1337 802 1410 ἄρα
825 1336 911 1412 όμός.
947 1337 984 1411 άρ
1007 1363 1051 1397 τοι
1070 1342 1180 1398 (311187
1199 1343 1300 1399 Dind.

265 1431 304 1470 oe
356 1456 363 1469 .
607 1459 609 1466 .

308 1485 341 1540 V.
360 1491 421 1540 873.
458 1479 527 1540 νόον
547 1484 645 1540 Clem.
664 1483 712 1539 Al.

302 1557 336 1612 V.
359 1560 421 1612 376.
460 1555 667 1611 Ρ1σ7111171111
694 1553 806 1610 versum
828 1556 971 1642 expunxit.
999 1585 1033 1596 -
1061 1555 1202 1625 γυναιξὶ
1226 1557 1299 1612 ooni.

233 1627 363 1696 Steisz.
383 1626 497 1697 possessi
515 1627 596 1682 codd.
615 1628 644 1682 et
662 1627 724 1682 edd.
740 1657 773 1666 -
792 1630 933 1698 φηλητῃσι
950 1628 1009 1682 Mo.
1028 1626 1090 1681 Par.
1111 1627 1174 1683 vas.
1193 1633 1228 1696 8.,
1247 1629 1299 1683 ubi

232 1699 266 1757 of.
280 1698 422 1768 Hesyoh.
438 1692 586 1770 φηλήτῃσι,
606 1702 726 1785 λῃσταῖς,
751 1698 882 1770 φίλητῃσι
900 1697 965 1754 Vai.
980 1699 1016 1754 al.
1036 1699 1113 1766 qnod
1125 1699 1301 1768 praesules-at

232 1769 481 1839 Goettlingius.
501 1801 535 1810 -
554 1772 680 1838 φηλητης
697 1768 784 1823 etiam
802 1769 940 1839 reperitur
959 1770 1034 1838 apud
1052 1769 1298 1839 Lycophr.'185.

231 1840 384 1897 Menend.
403 1856 448 1912 ap.
468 1839 610 1896 Meinek.
629 1840 684 1894 Fra
735 1881 740 1893 .
761 1838 837 1895 Com.
856 1841 896 1895 IV
914 1859 941 1910 p.
962 1847 1003 1896 77.

303 1911 337 1966 V.
357 1917 418 1968 376.
455 1910 525 1982 εἴη]
549 1910 595 1965 sic
612 1911 672 1968 Μὸ.
715 1927 755 1968 ar.
773 1911 838 1968 Vae.
858 1912 906 1978 el.;
926 1911 980 1965 V1.
1001 1907 1095 1978 σώζεις
1113 1910 1178 1969 Vae.
1197 1917 1223 1966 2.
1243 1913 1298 1982 εἴη,

232 1983 282 2038 sed
301 1998 385 2053 supra
402 2001 443 2052 pp.
464 1978 557 2050 σώζεις
576 1982 663 2037 ceteri
681 1999 745 2036 enm
762 1983 882 2037 Proolo
901 1977 991 2050 σώζοι.
1011 2014 1044 2022 -
1063 1981 1167 2038 fotnov
1184 1983 1230 2038 Fi

232 2158 297 2215 simi
328 2159 476 2229 temporis,
513 2176 568 2229 quo
600 2161 736 2229 tanquam
790 2166 841 2216 377
861 2177 878 2215 a
896 2161 977 2215 textu
990 2161 1099 2215 remoto
1113 2155 1196 2225 σώζοι
1215 2161 1295 2216 nesii-

231 2230 380 2301 proverbio
395 2232 555 2299 utebantur,
569 2231 736 2301 oliudprae-
789 2233 869 2288 tuere
892 2233 1009 2287 conatus
1032 2234 1088 2298 eet,
1116 2248 1188 2301 quae
1210 2231 1296 2286 lectio

232 2305 345 2372 ceptum
364 2302 568 2372 philosophiae.
597 2300 637 2357 cf.
655 2317 733 2372 pras·
788 2302 904 2358 librario
918 2303 1044 2371 debetur,
1063 2301 1141 2358 onius
1158 2301 1189 2356 in
1204 2319 1296 2358 exem·

230 2376 309 2429 terea
327 2373 471 2448 Pluffide
489 2373 582 2429 vities.
600 2374 666 2443 pud.
681 2375 700 2430 l.
715 2373 734 2429 l.
788 2374 862 2444 plari
880 2390 999 2444 sequens
1016 2388 1113 2429 verens
1127 2387 1193 2428 oosu
1212 2374 1295 2429 omis·

230 2445 271 2500 De
294 2445 413 2516 perfidia
436 2445 604 2500 Graecorum
631 2463 657 2501 v.
682 2444 732 2500 Oi·
789 2463 835 2500 aus
849 2447 918 2500 snat.
951 2443 1065 2500 Erravit
1078 2446 1172 2500 antem
1189 2445 1234 2499 vir
1247 2445 1297 2500 do-

231 2533 294 2571 oer.
313 2533 364 2587 pro
382 2517 484 2602 Fiaoqp
504 2523 529 2573 4.
788 2516 929 2572 ctissimas
959 2515 991 2571 in
1021 2531 1068 2585 eo,
1100 2516 1176 2586 quod
1203 2515 1297 2571 Procli

267 2587 299 2643 V.
323 2593 385 2642 373.
433 2581 665 2670 πυγοστόλος]
703 2587 736 2642 V.
790 2589 878 2644 verba
895 2583 971 2642 τὸδ’
989 2582 1129 2657 ἑπόμενον
1144 2588 1297 2656 στοιχίδιον

229 2659 338 2728 Etym.
351 2659 389 2713 M.
408 2675 436 2727 p.
451 2662 512 2725 695,
527 2664 569 2712 ³2.
599 2657 736 2712 Suldas:
792 2657 833 2714 ἔτι
861 2660 965 2730 μᾶλλον
991 2655 1055 2712 λόει
1079 2653 1131 2728 τὴν
1158 2654 1296 2729 διαβολὴν

230 2724 415 2799 πυγοστόλος·
439 2723 617 2797 προαγωγός,
640 2729 736 2796 povil-
790 2731 827 2796 ad
849 2747 876 2784 v.
896 2735 947 2784 377
975 2728 1086 2798 retulit,
1115 2745 1186 2798 quae
1209 2729 1245 2783 ad
1268 2747 1294 2784 v.

230 2819 318 2870 στοια.
363 2800 447 2870 Apud
471 2798 679 2854 Simonidem
701 2800 737 2856 de
791 2807 843 2856 378
865 2803 991 2870 spectare
1015 2802 1045 2854 et
1067 2799 1296 2855 adnotationibus

229 2873 338 2927 mulier.
347 2870 504 2927 7611117111
512 2870 639 2939 habetur,
650 2872 737 2940 siquo
790 2871 931 2942 Anonymi
982 2871 1019 2926 sd
1063 2871 1139 2926 huno
1184 2887 1294 2926 versam

230 2943 267 2999 sie
280 2937 736 3012 oiovpoomulie13v.Aristoph.
791 2946 821 2998 ε7
847 2942 953 2998 soholio
979 2943 1123 2998 Tnetsas
1150 2943 1294 3012 probatur.

229 3014 305 3069 Plus.
326 3019 387 3068 152.
423 3013 540 3068 Alexis
564 3029 609 3082 ap.
632 3014 735 3068 Athen.
790 3012 1294 3083 Sohosmennivestigiapremsns

230 3084 304 3143 xm.
322 3102 350 3154 p.
366 3088 425 3140 668.
461 3083 580 3139 Horat.
601 3083 658 3140 Sat.
673 3085 695 3153 Ι,
710 3091 737 3153 2,
789 3101 878 3155 nuper
895 3085 1070 3140 Nauokius
1088 3084 1247 3139 Β1111.1876
1265 3101 1293 3154 p.

231 3161 265 3210 93
291 3156 320 3210 et
339 3155 466 3225 exempla
483 3172 530 3223 ee,
556 3156 736 3224 31111οοὶ-
789 3162 825 3211 34
848 3158 906 3212 noi
937 3152 1006 3218 πάις
1036 3151 1119 3210 σαόοι
1150 3149 1294 3224 πατρώϊον

230 3226 292 3282 mili
313 3226 481 3282 feminarum
503 3227 625 3294 incessu,
647 3245 665 3282 e
707 3244 736 3282 a·
790 3224 883 3294 οἷκον,
902 3227 991 3282 altero
1009 3243 1093 3281 versu
1110 3225 1213 3293 eiecto,
1232 3243 1295 3296 pro·

229 3297 348 3353 sonibus
367 3297 573 3368 cognominato,
592 3299 667 3368 apud
708 3314 736 3352 e·
789 3299 890 3367 posuit.
927 3297 1074 3353 Difficilior
1097 3297 1226 3367 quaestio
1249 3300 1293 3352 est

228 3369 327 3423 braeos
351 3368 467 3440 collegii
490 3369 736 3424 Hertmennus:
790 3370 825 3425 de
857 3389 883 3426 v.
911 3375 976 3434 378,
1009 3368 1055 3423 oui
1088 3369 1294 3424 Sohoeman-

229 3439 275 3495 die
293 3439 377 3496 Hebr.
397 3457 444 3494 am
461 3441 552 3495 Putat.
570 3439 605 3494 H.
624 3458 651 3510 p.
672 3445 733 3495 844.
787 3459 849 3495 nus
884 3441 1039 3496 remedium
1072 3439 1293 3509 pulcherrimum

264 3511 298 3566 V.
311 3513 363 3568 376
374 3527 432 3581 seq.
458 3511 529 3567 Gom
544 3510 645 3581 opiimi
658 3512 733 3566 oodi-
788 3512 892 3580 77711177,
907 3511 1035 3567 oodionm
1053 3511 1174 3566 lectione
1189 3505 1293 3572 θάνοις

228 3599 274 3638 oes
292 3582 442 3638 looiionem
456 3585 501 3651 εἴη
520 3582 666 3652 servarint,
685 3583 734 3638 dn·
786 3584 817 3638 in
834 3580 923 3638 θάνοι
941 3584 1060 3638 mutata.
1096 3581 1171 3638 Nam
1188 3577 1294 3643 θάνοις

229 3653 314 3709 biieri
331 3671 387 3710 non
400 3656 504 3725 potest,
523 3653 592 3723 quin
606 3655 659 3723 εἴη,
677 3671 734 3709 non
788 3655 901 3709 omnino
920 3672 1003 3709 senso
1021 3669 1115 3709 carere
1136 3653 1195 3707 iam
1212 3651 1293 3706 Plu-

230 3720 322 3794 σώζοι,
341 3725 517 3782 scribendum
537 3725 582 3780 sii
615 3724 671 3779 Sed
689 3727 733 3794 sip
787 3726 933 3780 terohus
946 3725 1027 3793 vidit,
1037 3725 1087 3794 qui
1094 3740 1207 3778 versum
1214 3739 1292 3792 pror·

229 3798 344 3866 propter
362 3799 482 3852 metrum
502 3795 619 3866 pristino
637 3813 734 3852 versus
787 3796 978 3866 suoneglexit3
993 3796 1028 3852 of.
1038 3795 1159 3851 defrao.
1171 3801 1291 3850 emerso

228 3867 291 3922 looo
311 3868 425 3924 cessisse
443 3867 504 3922 veri
522 3867 613 3922 simile
630 3870 682 3936 est,
701 3873 735 3922 117
788 3863 803 3922 ὁ
823 3866 856 3923 67
871 3865 999 3930 Ἡσίοδος
1022 3858 1132 3922 eomas}
1154 3871 1295 3932 παραινεῖ

228 3935 296 4001 πάϊς
310 3935 389 3994 οἷκον
404 3940 449 4007 (τι
462 3937 576 4007 λεῖπον)
590 3936 744 4007 πατρώϊον·
790 3940 947 4010 μουνογενῆ
965 3941 1057 3994 παῖδα
1079 3938 1135 3991 τών
1153 3930 1293 4010 πατρῴων

228 4011 287 4079 εἴη,
318 4026 376 4065 non
405 4026 469 4064 oum
501 4009 581 4066 codo
615 4013 645 4066 ε7
672 4010 735 4065 edd.
790 4006 939 4080 ἐπίκληρον
957 4007 1041 4079 εἶναι,
1059 4009 1108 4064 ναὶ
1125 4007 1217 4062 ταῦτα
1234 4007 1291 4061 τόν

229 4082 351 4150 (praeter
389 4079 564 4150 Paleianam)
600 4083 644 4149 εἴη
681 4101 735 4136 ποι-
788 4081 914 4136 Μουσάν
928 4076 1051 4151 γεγονώς
1069 4074 1208 4150 μαθητής.
1236 4077 1292 4133 Sed

228 4147 331 4221 πρώϊον
354 4147 448 4221 οἶτον,
475 4152 573 4221 reponi
598 4153 734 4221 oporteat.
789 4151 876 4206 etism
904 4150 1000 4222 ἕτερον
1032 4150 1089 4206 alio
1122 4167 1205 4206 sensu
1231 4165 1291 4204 esso

229 4221 270 4280 of.
298 4222 448 4293 Digamma
474 4241 502 4292 p.
531 4227 574 4278 51.
620 4223 736 4278 anstro
788 4222 848 4278 aooi
867 4219 1292 4290 isneumesinopssspovsorri-

229 4293 486 4350 Schoemannus
509 4312 537 4364 p.
560 4301 594 4349 39
619 4311 675 4363 seq.
707 4313 734 4350 v.
788 4241 1290 4366 gengnnqnodismsoaligsrus
