<?xml version="1.0" encoding="UTF-8"?>
<!DOCTYPE html PUBLIC "-//W3C//DTD XHTML 1.0 Transitional//EN"
    "http://www.w3.org/TR/xhtml1/DTD/xhtml1-transitional.dtd">
<html xmlns="http://www.w3.org/1999/xhtml" xml:lang="en" lang="en">
 <head>
  <title>
</title>
<meta http-equiv="Content-Type" content="text/html;charset=utf-8" />
  <meta name='ocr-system' content='tesseract 3.04.00' />
  <meta name='ocr-capabilities' content='ocr_page ocr_carea ocr_par ocr_line ocrx_word'/>
</head>
<body>
  <div class='ocr_page' id='page_1' title='image "./hesiodicarmina02hesigoog_0097.png"; bbox 0 0 2948 4896; ppageno 0'>
   <div class='ocr_carea' id='block_1_1' title="bbox 256 320 329 370">
    <p class='ocr_par' dir='ltr' id='par_1_1' title="bbox 256 320 329 370">
     <span class='ocr_line' id='line_1_1' title="bbox 256 320 329 370; baseline 0 0"><span class='ocrx_word' id='word_1_1' title='bbox 256 320 329 370; x_wconf 86' lang='lat' dir='ltr'><strong><em>xcn</em></strong></span> 
     </span>
    </p>
   </div>
   <div class='ocr_carea' id='block_1_2' title="bbox 255 458 1323 656">
    <p class='ocr_par' dir='ltr' id='par_1_2' title="bbox 255 458 1323 656">
     <span class='ocr_line' id='line_1_2' title="bbox 256 458 1320 554; baseline -0.003 -24"><span class='ocrx_word' id='word_1_2' title='bbox 256 460 354 530; x_wconf 84' lang='grc' dir='ltr'><strong><em>ίννέα</em></strong></span> <span class='ocrx_word' id='word_1_3' title='bbox 387 473 549 547; x_wconf 81' lang='grc' dir='ltr'><strong><em>γυναῖκας</em></strong></span> <span class='ocrx_word' id='word_1_4' title='bbox 582 459 714 549; x_wconf 92' lang='grc' dir='ltr'><strong><em>δάφνας</em></strong></span> <span class='ocrx_word' id='word_1_5' title='bbox 745 459 835 554; x_wconf 77' lang='grc' dir='ltr'><strong><em>αύτῷ</em></strong></span> <span class='ocrx_word' id='word_1_6' title='bbox 867 459 1079 549; x_wconf 79' lang='grc' dir='ltr'><strong><em>ψωμιζούσας</em></strong></span> <span class='ocrx_word' id='word_1_7' title='bbox 1111 458 1250 550; x_wconf 89' lang='grc' dir='ltr'><strong><em>(έδήλου</em></strong></span> <span class='ocrx_word' id='word_1_8' title='bbox 1282 459 1320 528; x_wconf 74' lang='grc' dir='ltr'><strong><em>δὲ</em></strong></span> 
     </span>
     <span class='ocr_line' id='line_1_3' title="bbox 255 563 1323 656; baseline -0.001 -19"><span class='ocrx_word' id='word_1_9' title='bbox 255 567 292 637; x_wconf 91' lang='grc' dir='ltr'><strong><em>τδ</em></strong></span> <span class='ocrx_word' id='word_1_10' title='bbox 317 566 401 655; x_wconf 79' lang='grc' dir='ltr'><strong><em>ὄναρ</em></strong></span> <span class='ocrx_word' id='word_1_11' title='bbox 429 565 562 645; x_wconf 90' lang='grc' dir='ltr'><strong><em>πάντως</em></strong></span> <span class='ocrx_word' id='word_1_12' title='bbox 590 563 636 646; x_wconf 77' lang='grc' dir='ltr'><strong><em>οός</em></strong></span> <span class='ocrx_word' id='word_1_13' title='bbox 658 573 790 655; x_wconf 77' lang='grc' dir='ltr'><strong><em>πικρίας</em></strong></span> <span class='ocrx_word' id='word_1_14' title='bbox 816 568 871 637; x_wconf 83' lang='grc' dir='ltr'><strong><em>καὶ</em></strong></span> <span class='ocrx_word' id='word_1_15' title='bbox 896 568 1012 637; x_wconf 93' lang='grc' dir='ltr'><strong><em>πόνων</em></strong></span> <span class='ocrx_word' id='word_1_16' title='bbox 1036 567 1242 656; x_wconf 74' lang='grc' dir='ltr'><strong><em>μετεσχηκώς</em></strong></span> <span class='ocrx_word' id='word_1_17' title='bbox 1263 571 1323 655; x_wconf 78' lang='grc' dir='ltr'><strong><em>τῆς</em></strong></span> 
     </span>
    </p>
   </div>
   <div class='ocr_carea' id='block_1_3' title="bbox 255 665 1439 763">
    <p class='ocr_par' dir='ltr' id='par_1_3' title="bbox 255 665 1439 763">
     <span class='ocr_line' id='line_1_4' title="bbox 255 665 1439 763; baseline 0.001 -22"><span class='ocrx_word' id='word_1_18' title='bbox 255 672 461 753; x_wconf 75' lang='grc' dir='ltr'><strong><em>παιδεύσεως</em></strong></span> <span class='ocrx_word' id='word_1_19' title='bbox 478 669 622 760; x_wconf 83' lang='grc' dir='ltr'><strong><em>άειθαλή</em></strong></span> <span class='ocrx_word' id='word_1_20' title='bbox 642 674 798 760; x_wconf 76' lang='grc' dir='ltr'><strong><em>γεννήσει</em></strong></span> <span class='ocrx_word' id='word_1_21' title='bbox 816 674 1014 763; x_wconf 88' lang='grc' dir='ltr'><strong><em>ποιήματα),</em></strong></span> <span class='ocrx_word' id='word_1_22' title='bbox 1036 677 1140 743; x_wconf 81' lang='grc' dir='ltr'><strong><em>ταῦτα</em></strong></span> <span class='ocrx_word' id='word_1_23' title='bbox 1162 680 1282 743; x_wconf 90' lang='grc' dir='ltr'><strong><em>τοίνυν</em></strong></span> <span class='ocrx_word' id='word_1_24' title='bbox 1300 670 1319 742; x_wconf 95' lang='lat'><em>6</em></span> <span class='ocrx_word' id='word_1_25' title='bbox 1438 665 1439 676; x_wconf 36' lang='lat'>¹</span> 
     </span>
    </p>
   </div>
   <div class='ocr_carea' id='block_1_4' title="bbox 230 776 1323 1401">
    <p class='ocr_par' dir='ltr' id='par_1_4' title="bbox 230 776 1323 1401">
     <span class='ocr_line' id='line_1_5' title="bbox 250 776 1321 870; baseline 0 -22"><span class='ocrx_word' id='word_1_26' title='bbox 250 777 408 860; x_wconf 88' lang='grc' dir='ltr'><strong><em>Ἡσίοδος</em></strong></span> <span class='ocrx_word' id='word_1_27' title='bbox 429 776 450 867; x_wconf 84' lang='grc' dir='ltr'><strong><em>ή</em></strong></span> <span class='ocrx_word' id='word_1_28' title='bbox 470 777 546 860; x_wconf 79' lang='grc' dir='ltr'><strong><em>ὄψει</em></strong></span> <span class='ocrx_word' id='word_1_29' title='bbox 565 778 711 868; x_wconf 77' lang='grc' dir='ltr'><strong><em>ὀνείρων</em></strong></span> <span class='ocrx_word' id='word_1_30' title='bbox 728 784 931 870; x_wconf 81' lang='grc' dir='ltr'><strong><em>τεθεαμένος</em></strong></span> <span class='ocrx_word' id='word_1_31' title='bbox 949 783 1005 850; x_wconf 81' lang='grc' dir='ltr'><strong><em>καὶ</em></strong></span> <span class='ocrx_word' id='word_1_32' title='bbox 1027 781 1244 860; x_wconf 80' lang='grc' dir='ltr'><strong><em>διυπνισθεὶς</em></strong></span> <span class='ocrx_word' id='word_1_33' title='bbox 1265 781 1321 849; x_wconf 79' lang='grc' dir='ltr'><strong><em>καί</em></strong></span> 
     </span>
     <span class='ocr_line' id='line_1_6' title="bbox 230 883 1321 974; baseline 0.001 -19"><span class='ocrx_word' id='word_1_34' title='bbox 230 884 293 955; x_wconf 80' lang='grc' dir='ltr'><strong><em>στδ</em></strong></span> <span class='ocrx_word' id='word_1_35' title='bbox 317 891 508 972; x_wconf 80' lang='grc' dir='ltr'><strong><em>ποιμαίνειν</em></strong></span> <span class='ocrx_word' id='word_1_36' title='bbox 537 883 635 973; x_wconf 81' lang='grc' dir='ltr'><strong><em>άφείς</em></strong></span> <span class='ocrx_word' id='word_1_37' title='bbox 660 888 717 955; x_wconf 82' lang='grc' dir='ltr'><strong><em>καί</em></strong></span> <span class='ocrx_word' id='word_1_38' title='bbox 744 886 863 968; x_wconf 86' lang='grc' dir='ltr'><strong><em>πόνοις</em></strong></span> <span class='ocrx_word' id='word_1_39' title='bbox 891 887 1012 956; x_wconf 83' lang='grc' dir='ltr'><strong><em>ἑαυτὸν</em></strong></span> <span class='ocrx_word' id='word_1_40' title='bbox 1040 886 1162 967; x_wconf 79' lang='grc' dir='ltr'><strong><em>ἐνδούς</em></strong></span> <span class='ocrx_word' id='word_1_41' title='bbox 1182 888 1238 956; x_wconf 75' lang='grc' dir='ltr'><strong><em>καὶ</em></strong></span> <span class='ocrx_word' id='word_1_42' title='bbox 1261 915 1321 974; x_wconf 87' lang='grc' dir='ltr'><strong><em>μα-</em></strong></span> 
     </span>
     <span class='ocr_line' id='line_1_7' title="bbox 254 990 1323 1082; baseline 0.002 -22"><span class='ocrx_word' id='word_1_43' title='bbox 254 992 383 1081; x_wconf 86' lang='grc' dir='ltr'><strong><em>θήμασι</em></strong></span> <span class='ocrx_word' id='word_1_44' title='bbox 411 991 474 1081; x_wconf 83' lang='grc' dir='ltr'><strong><em>τήν</em></strong></span> <span class='ocrx_word' id='word_1_45' title='bbox 501 997 570 1061; x_wconf 78' lang='grc' dir='ltr'><strong><em>τῶν</em></strong></span> <span class='ocrx_word' id='word_1_46' title='bbox 599 992 742 1081; x_wconf 87' lang='grc' dir='ltr'><strong><em>ὀνείρων</em></strong></span> <span class='ocrx_word' id='word_1_47' title='bbox 770 996 924 1062; x_wconf 80' lang='grc' dir='ltr'><strong><em>ἐπίλυσιν</em></strong></span> <span class='ocrx_word' id='word_1_48' title='bbox 954 995 1163 1082; x_wconf 82' lang='grc' dir='ltr'><strong><em>έξεπέρανεν,</em></strong></span> <span class='ocrx_word' id='word_1_49' title='bbox 1196 990 1217 1082; x_wconf 85' lang='grc' dir='ltr'><strong><em>ή</em></strong></span> <span class='ocrx_word' id='word_1_50' title='bbox 1246 995 1323 1082; x_wconf 80' lang='grc' dir='ltr'><strong><em>περὶ</em></strong></span> 
     </span>
     <span class='ocr_line' id='line_1_8' title="bbox 253 1096 1321 1189; baseline 0 -20"><span class='ocrx_word' id='word_1_51' title='bbox 253 1099 315 1169; x_wconf 91' lang='grc' dir='ltr'><strong><em>τδν</em></strong></span> <span class='ocrx_word' id='word_1_52' title='bbox 334 1097 496 1169; x_wconf 76' lang='grc' dir='ltr'><strong><em>Ἑλικῶνα</em></strong></span> <span class='ocrx_word' id='word_1_53' title='bbox 516 1107 705 1189; x_wconf 85' lang='grc' dir='ltr'><strong><em>ποιμαίνων</em></strong></span> <span class='ocrx_word' id='word_1_54' title='bbox 727 1099 918 1188; x_wconf 81' lang='grc' dir='ltr'><strong><em>έγρηγορύς</em></strong></span> <span class='ocrx_word' id='word_1_55' title='bbox 939 1101 996 1168; x_wconf 83' lang='grc' dir='ltr'><strong><em>καὶ</em></strong></span> <span class='ocrx_word' id='word_1_56' title='bbox 1019 1098 1146 1181; x_wconf 85' lang='grc' dir='ltr'><strong><em>άύπνος</em></strong></span> <span class='ocrx_word' id='word_1_57' title='bbox 1169 1096 1218 1169; x_wconf 73' lang='grc' dir='ltr'><strong><em>ὢν</em></strong></span> <span class='ocrx_word' id='word_1_58' title='bbox 1242 1100 1321 1169; x_wconf 91' lang='grc' dir='ltr'><strong><em>σύν-</em></strong></span> 
     </span>
     <span class='ocr_line' id='line_1_9' title="bbox 254 1189 1322 1302; baseline 0 -26"><span class='ocrx_word' id='word_1_59' title='bbox 254 1234 336 1302; x_wconf 71' lang='grc' dir='ltr'><strong><em>ηους</em></strong></span> <span class='ocrx_word' id='word_1_60' title='bbox 358 1233 392 1276; x_wconf 92' lang='grc' dir='ltr'><strong><em>τε</em></strong></span> <span class='ocrx_word' id='word_1_61' title='bbox 415 1208 501 1294; x_wconf 85' lang='grc' dir='ltr'><strong><em>πρὸς</em></strong></span> <span class='ocrx_word' id='word_1_62' title='bbox 524 1207 645 1277; x_wconf 85' lang='grc' dir='ltr'><strong><em>ἑαυτὸν</em></strong></span> <span class='ocrx_word' id='word_1_63' title='bbox 668 1209 816 1294; x_wconf 77' lang='grc' dir='ltr'><strong><em>γεγονὼς</em></strong></span> <span class='ocrx_word' id='word_1_64' title='bbox 843 1209 899 1276; x_wconf 82' lang='grc' dir='ltr'><strong><em>καί</em></strong></span> <span class='ocrx_word' id='word_1_65' title='bbox 926 1208 1095 1296; x_wconf 81' lang='grc' dir='ltr'><strong><em>πρέποντα</em></strong></span> <span class='ocrx_word' id='word_1_66' title='bbox 1117 1189 1205 1276; x_wconf 80' lang='grc' dir='ltr'><strong><em>Ινοῦν</em></strong></span> <span class='ocrx_word' id='word_1_67' title='bbox 1229 1209 1322 1296; x_wconf 87' lang='grc' dir='ltr'><strong><em>ίσχη-</em></strong></span> 
     </span>
     <span class='ocr_line' id='line_1_10' title="bbox 253 1311 1322 1401; baseline 0.002 -20"><span class='ocrx_word' id='word_1_68' title='bbox 253 1312 320 1392; x_wconf 77' lang='grc' dir='ltr'><strong><em>κως</em></strong></span> <span class='ocrx_word' id='word_1_69' title='bbox 333 1311 575 1400; x_wconf 77' lang='grc' dir='ltr'><strong><em>ἀποδιδράσκει</em></strong></span> <span class='ocrx_word' id='word_1_70' title='bbox 588 1311 650 1400; x_wconf 63' lang='grc' dir='ltr'><strong><em>μὲν</em></strong></span> <span class='ocrx_word' id='word_1_71' title='bbox 662 1314 700 1381; x_wconf 91' lang='grc' dir='ltr'><strong><em>τδ</em></strong></span> <span class='ocrx_word' id='word_1_72' title='bbox 717 1311 846 1393; x_wconf 72' lang='grc' dir='ltr'><strong><em>εὐτελὲς</em></strong></span> <span class='ocrx_word' id='word_1_73' title='bbox 859 1313 915 1382; x_wconf 79' lang='grc' dir='ltr'><strong><em>καὶ</em></strong></span> <span class='ocrx_word' id='word_1_74' title='bbox 933 1314 1132 1401; x_wconf 83' lang='grc' dir='ltr'><strong><em>ποιμενικὸν</em></strong></span> <span class='ocrx_word' id='word_1_75' title='bbox 1150 1315 1206 1382; x_wconf 82' lang='grc' dir='ltr'><strong><em>καί</em></strong></span> <span class='ocrx_word' id='word_1_76' title='bbox 1225 1322 1322 1401; x_wconf 89' lang='grc' dir='ltr'><strong><em>σκλη-</em></strong></span> 
     </span>
    </p>
   </div>
   <div class='ocr_carea' id='block_1_5' title="bbox 212 1419 1440 1511">
    <p class='ocr_par' dir='ltr' id='par_1_5' title="bbox 212 1419 1440 1511">
     <span class='ocr_line' id='line_1_11' title="bbox 212 1419 1440 1511; baseline 0.003 -23"><span class='ocrx_word' id='word_1_77' title='bbox 212 1438 245 1488; x_wconf 90' lang='lat'><strong><em>10</em></strong></span> <span class='ocrx_word' id='word_1_78' title='bbox 255 1419 375 1507; x_wconf 92' lang='grc' dir='ltr'><strong><em>ρόβιον</em></strong></span> <span class='ocrx_word' id='word_1_79' title='bbox 384 1422 440 1489; x_wconf 80' lang='grc' dir='ltr'><strong><em>καί</em></strong></span> <span class='ocrx_word' id='word_1_80' title='bbox 449 1421 673 1511; x_wconf 77' lang='grc' dir='ltr'><strong><em>προςδραμυδν</em></strong></span> <span class='ocrx_word' id='word_1_81' title='bbox 682 1425 722 1509; x_wconf 76' lang='grc' dir='ltr'><strong><em>τῇ</em></strong></span> <span class='ocrx_word' id='word_1_82' title='bbox 737 1420 911 1488; x_wconf 84' lang='grc' dir='ltr'><strong><em>παιδεύσει</em></strong></span> <span class='ocrx_word' id='word_1_83' title='bbox 920 1422 977 1488; x_wconf 83' lang='grc' dir='ltr'><strong><em>καὶ</em></strong></span> <span class='ocrx_word' id='word_1_84' title='bbox 990 1419 1110 1500; x_wconf 88' lang='grc' dir='ltr'><strong><em>πόνοις</em></strong></span> <span class='ocrx_word' id='word_1_85' title='bbox 1128 1421 1322 1509; x_wconf 86' lang='grc' dir='ltr'><strong><em>ίγκαρτερή-</em></strong></span> <span class='ocrx_word' id='word_1_86' title='bbox 1439 1483 1440 1492; x_wconf 73' lang='grc'><strong><em>,</em></strong></span> 
     </span>
    </p>
   </div>
   <div class='ocr_carea' id='block_1_6' title="bbox 256 1525 1324 1617">
    <p class='ocr_par' dir='ltr' id='par_1_6' title="bbox 256 1525 1324 1617">
     <span class='ocr_line' id='line_1_12' title="bbox 256 1525 1324 1617; baseline 0.002 -24"><span class='ocrx_word' id='word_1_87' title='bbox 256 1545 316 1606; x_wconf 93' lang='grc' dir='ltr'><strong><em>σας</em></strong></span> <span class='ocrx_word' id='word_1_88' title='bbox 329 1525 478 1614; x_wconf 76' lang='grc' dir='ltr'><strong><em>μεγάλην</em></strong></span> <span class='ocrx_word' id='word_1_89' title='bbox 491 1531 675 1616; x_wconf 79' lang='grc' dir='ltr'><strong><em>καρποῦται</em></strong></span> <span class='ocrx_word' id='word_1_90' title='bbox 688 1527 752 1616; x_wconf 82' lang='grc' dir='ltr'><strong><em>τήν</em></strong></span> <span class='ocrx_word' id='word_1_91' title='bbox 763 1527 928 1613; x_wconf 65' lang='grc' dir='ltr'><strong><em>εόπιλειαν,</em></strong></span> <span class='ocrx_word' id='word_1_92' title='bbox 941 1525 998 1596; x_wconf 77' lang='grc' dir='ltr'><strong><em>καί</em></strong></span> <span class='ocrx_word' id='word_1_93' title='bbox 1011 1531 1152 1617; x_wconf 82' lang='grc' dir='ltr'><strong><em>βίβλους</em></strong></span> <span class='ocrx_word' id='word_1_94' title='bbox 1160 1527 1324 1607; x_wconf 80' lang='grc' dir='ltr'><strong><em>τοσαύτας</em></strong></span> 
     </span>
    </p>
   </div>
   <div class='ocr_carea' id='block_1_7' title="bbox 254 1629 1440 1935">
    <p class='ocr_par' dir='ltr' id='par_1_7' title="bbox 254 1629 1440 1935">
     <span class='ocr_line' id='line_1_13' title="bbox 255 1629 1440 1723; baseline 0.002 -23"><span class='ocrx_word' id='word_1_95' title='bbox 255 1632 491 1720; x_wconf 82' lang='grc' dir='ltr'><strong><em>έξεπονήσατο,</em></strong></span> <span class='ocrx_word' id='word_1_96' title='bbox 514 1629 554 1712; x_wconf 79' lang='grc' dir='ltr'><strong><em>ἃς</em></strong></span> <span class='ocrx_word' id='word_1_97' title='bbox 577 1633 640 1720; x_wconf 80' lang='grc' dir='ltr'><strong><em>ε’γύ</em></strong></span> <span class='ocrx_word' id='word_1_98' title='bbox 665 1639 820 1702; x_wconf 80' lang='grc' dir='ltr'><strong><em>Μουσῶν</em></strong></span> <span class='ocrx_word' id='word_1_99' title='bbox 842 1659 877 1702; x_wconf 91' lang='grc' dir='ltr'><strong><em>τε</em></strong></span> <span class='ocrx_word' id='word_1_100' title='bbox 900 1636 956 1703; x_wconf 80' lang='grc' dir='ltr'><strong><em>καὶ</em></strong></span> <span class='ocrx_word' id='word_1_101' title='bbox 974 1633 1130 1722; x_wconf 85' lang='grc' dir='ltr'><strong><em>γνοόσεως</em></strong></span> <span class='ocrx_word' id='word_1_102' title='bbox 1148 1635 1323 1723; x_wconf 89' lang='grc' dir='ltr'><strong><em>έπίσταμαι</em></strong></span> <span class='ocrx_word' id='word_1_103' title='bbox 1439 1689 1440 1702; x_wconf 67' lang='grc'><strong><em>,</em></strong></span> 
     </span>
     <span class='ocr_line' id='line_1_14' title="bbox 255 1737 1324 1830; baseline 0.002 -23"><span class='ocrx_word' id='word_1_104' title='bbox 255 1737 414 1827; x_wconf 76' lang='grc' dir='ltr'><strong><em>ύιόμισμα</em></strong></span> <span class='ocrx_word' id='word_1_105' title='bbox 437 1740 493 1806; x_wconf 80' lang='grc' dir='ltr'><strong><em>καί</em></strong></span> <span class='ocrx_word' id='word_1_106' title='bbox 516 1738 650 1825; x_wconf 78' lang='grc' dir='ltr'><strong><em>δάφνας</em></strong></span> <span class='ocrx_word' id='word_1_107' title='bbox 672 1738 796 1821; x_wconf 91' lang='grc' dir='ltr'><strong><em>λάλους</em></strong></span> <span class='ocrx_word' id='word_1_108' title='bbox 816 1740 1080 1827; x_wconf 82' lang='grc' dir='ltr'><strong><em>Ἐλικωνίτιδας,</em></strong></span> <span class='ocrx_word' id='word_1_109' title='bbox 1109 1742 1324 1830; x_wconf 81' lang='grc' dir='ltr'><strong><em>ἕλισσομένας</em></strong></span> 
     </span>
     <span class='ocr_line' id='line_1_15' title="bbox 254 1842 1440 1935; baseline 0.004 -23"><span class='ocrx_word' id='word_1_110' title='bbox 254 1842 449 1931; x_wconf 74' lang='grc' dir='ltr'><strong><em>ἁπανταχοῦ</em></strong></span> <span class='ocrx_word' id='word_1_111' title='bbox 466 1845 522 1912; x_wconf 83' lang='grc' dir='ltr'><strong><em>καὶ</em></strong></span> <span class='ocrx_word' id='word_1_112' title='bbox 540 1844 735 1925; x_wconf 89' lang='grc' dir='ltr'><strong><em>θαλλούσας</em></strong></span> <span class='ocrx_word' id='word_1_113' title='bbox 752 1848 807 1914; x_wconf 77' lang='grc' dir='ltr'><strong><em>καί</em></strong></span> <span class='ocrx_word' id='word_1_114' title='bbox 825 1847 1054 1933; x_wconf 87' lang='grc' dir='ltr'><strong><em>κηρυττούσας</em></strong></span> <span class='ocrx_word' id='word_1_115' title='bbox 1072 1849 1133 1916; x_wconf 85' lang='grc' dir='ltr'><strong><em>τὸν</em></strong></span> <span class='ocrx_word' id='word_1_116' title='bbox 1156 1849 1237 1935; x_wconf 80' lang='grc' dir='ltr'><strong><em>πρὶν</em></strong></span> <span class='ocrx_word' id='word_1_117' title='bbox 1261 1847 1322 1935; x_wconf 77' lang='grc' dir='ltr'><strong><em>μέν</em></strong></span> <span class='ocrx_word' id='word_1_118' title='bbox 1439 1877 1440 1890; x_wconf 61' lang='grc'>’</span> 
     </span>
    </p>
   </div>
   <div class='ocr_carea' id='block_1_8' title="bbox 212 1948 1326 3000">
    <p class='ocr_par' dir='ltr' id='par_1_8' title="bbox 212 1948 1326 3000">
     <span class='ocr_line' id='line_1_16' title="bbox 212 1948 1324 2042; baseline 0.005 -24"><span class='ocrx_word' id='word_1_119' title='bbox 212 1951 448 2038; x_wconf 79' lang='grc' dir='ltr'><strong><em>1οοίκτρόβισν</em></strong></span> <span class='ocrx_word' id='word_1_120' title='bbox 471 1951 526 2018; x_wconf 75' lang='grc' dir='ltr'><strong><em>καί</em></strong></span> <span class='ocrx_word' id='word_1_121' title='bbox 549 1948 664 2038; x_wconf 86' lang='grc' dir='ltr'><strong><em>άφιινή</em></strong></span> <span class='ocrx_word' id='word_1_122' title='bbox 688 1953 793 2038; x_wconf 80' lang='grc' dir='ltr'><strong><em>νομέα</em></strong></span> <span class='ocrx_word' id='word_1_123' title='bbox 814 1957 999 2039; x_wconf 85' lang='grc' dir='ltr'><strong><em>ποιμνίων,</em></strong></span> <span class='ocrx_word' id='word_1_124' title='bbox 1025 1957 1091 2022; x_wconf 84' lang='grc' dir='ltr'><strong><em>νῦν</em></strong></span> <span class='ocrx_word' id='word_1_125' title='bbox 1115 1953 1153 2022; x_wconf 69' lang='grc' dir='ltr'><strong><em>δὲ</em></strong></span> <span class='ocrx_word' id='word_1_126' title='bbox 1175 1951 1324 2042; x_wconf 76' lang='grc' dir='ltr'><strong><em>ἡμίθεον</em></strong></span> 
     </span>
     <span class='ocr_line' id='line_1_17' title="bbox 254 2053 1321 2149; baseline 0.004 -23"><span class='ocrx_word' id='word_1_127' title='bbox 254 2062 502 2145; x_wconf 86' lang='grc' dir='ltr'><strong><em>χρηματίσαντα</em></strong></span> <span class='ocrx_word' id='word_1_128' title='bbox 531 2053 577 2124; x_wconf 84' lang='grc' dir='ltr'><strong><em>δι’</em></strong></span> <span class='ocrx_word' id='word_1_129' title='bbox 607 2053 727 2145; x_wconf 85' lang='grc' dir='ltr'><strong><em>άρετής</em></strong></span> <span class='ocrx_word' id='word_1_130' title='bbox 753 2058 810 2126; x_wconf 77' lang='grc' dir='ltr'><strong><em>καί</em></strong></span> <span class='ocrx_word' id='word_1_131' title='bbox 832 2057 1046 2139; x_wconf 84' lang='grc' dir='ltr'><strong><em>παιδεύσεως.</em></strong></span> <span class='ocrx_word' id='word_1_132' title='bbox 1092 2057 1198 2149; x_wconf 76' lang='grc' dir='ltr'><strong><em>ὥςπερ</em></strong></span> <span class='ocrx_word' id='word_1_133' title='bbox 1221 2062 1279 2130; x_wconf 83' lang='grc' dir='ltr'><strong><em>καὶ</em></strong></span> <span class='ocrx_word' id='word_1_134' title='bbox 1303 2058 1321 2130; x_wconf 94' lang='lat'><em>6</em></span> 
     </span>
     <span class='ocr_line' id='line_1_18' title="bbox 254 2161 1325 2254; baseline 0.004 -22"><span class='ocrx_word' id='word_1_135' title='bbox 254 2168 505 2252; x_wconf 85' lang='grc' dir='ltr'><strong><em>Σωφρονίσκου</em></strong></span> <span class='ocrx_word' id='word_1_136' title='bbox 527 2163 710 2252; x_wconf 85' lang='grc' dir='ltr'><strong><em>Σωκράτης</em></strong></span> <span class='ocrx_word' id='word_1_137' title='bbox 738 2161 756 2232; x_wconf 98' lang='lat'><em>6</em></span> <span class='ocrx_word' id='word_1_138' title='bbox 784 2164 955 2253; x_wconf 82' lang='grc' dir='ltr'><strong><em>λιθοξόος,</em></strong></span> <span class='ocrx_word' id='word_1_139' title='bbox 982 2167 1037 2236; x_wconf 81' lang='grc' dir='ltr'><strong><em>καὶ</em></strong></span> <span class='ocrx_word' id='word_1_140' title='bbox 1064 2164 1081 2235; x_wconf 95' lang='lat'><em>6</em></span> <span class='ocrx_word' id='word_1_141' title='bbox 1106 2166 1325 2254; x_wconf 77' lang='grc' dir='ltr'><strong><em>ἰχθυοπώλης</em></strong></span> 
     </span>
     <span class='ocr_line' id='line_1_19' title="bbox 255 2266 1326 2360; baseline 0.004 -20"><span class='ocrx_word' id='word_1_142' title='bbox 255 2268 434 2358; x_wconf 80' lang='grc' dir='ltr'><strong><em>Δημάδης,</em></strong></span> <span class='ocrx_word' id='word_1_143' title='bbox 457 2271 513 2338; x_wconf 79' lang='grc' dir='ltr'><strong><em>καὶ</em></strong></span> <span class='ocrx_word' id='word_1_144' title='bbox 536 2266 554 2340; x_wconf 93' lang='lat'><em>6</em></span> <span class='ocrx_word' id='word_1_145' title='bbox 578 2274 637 2357; x_wconf 86' lang='grc' dir='ltr'><strong><em>τής</em></strong></span> <span class='ocrx_word' id='word_1_146' title='bbox 658 2276 921 2358; x_wconf 86' lang='grc' dir='ltr'><strong><em>τυμπανιστρίας</em></strong></span> <span class='ocrx_word' id='word_1_147' title='bbox 942 2276 1120 2360; x_wconf 78' lang='grc' dir='ltr'><strong><em>Αἰσχίνης,</em></strong></span> <span class='ocrx_word' id='word_1_148' title='bbox 1144 2279 1326 2360; x_wconf 85' lang='grc' dir='ltr'><strong><em>Σίμωντέ</em></strong></span> 
     </span>
     <span class='ocr_line' id='line_1_20' title="bbox 256 2374 1325 2466; baseline 0.001 -19"><span class='ocrx_word' id='word_1_149' title='bbox 256 2376 274 2447; x_wconf 92' lang='lat'><em>6</em></span> <span class='ocrx_word' id='word_1_150' title='bbox 299 2377 453 2464; x_wconf 89' lang='grc' dir='ltr'><strong><em>σκυτεύς,</em></strong></span> <span class='ocrx_word' id='word_1_151' title='bbox 475 2378 531 2446; x_wconf 84' lang='grc' dir='ltr'><strong><em>καλ</em></strong></span> <span class='ocrx_word' id='word_1_152' title='bbox 555 2374 573 2447; x_wconf 91' lang='lat'><em>6</em></span> <span class='ocrx_word' id='word_1_153' title='bbox 598 2379 762 2466; x_wconf 86' lang='grc' dir='ltr'><strong><em>λαχανεύς</em></strong></span> <span class='ocrx_word' id='word_1_154' title='bbox 785 2376 985 2466; x_wconf 71' lang='grc' dir='ltr'><strong><em>Εὐριπίδης,</em></strong></span> <span class='ocrx_word' id='word_1_155' title='bbox 1005 2377 1058 2448; x_wconf 69' lang='grc' dir='ltr'><strong><em>’ἔτι</em></strong></span> <span class='ocrx_word' id='word_1_156' title='bbox 1079 2405 1115 2448; x_wconf 92' lang='grc' dir='ltr'><strong><em>τε</em></strong></span> <span class='ocrx_word' id='word_1_157' title='bbox 1139 2377 1156 2449; x_wconf 95' lang='lat'><em>6</em></span> <span class='ocrx_word' id='word_1_158' title='bbox 1182 2380 1325 2466; x_wconf 86' lang='grc' dir='ltr'><strong><em>Σκύθης</em></strong></span> 
     </span>
     <span class='ocr_line' id='line_1_21' title="bbox 212 2482 1324 2573; baseline 0.001 -21"><span class='ocrx_word' id='word_1_159' title='bbox 212 2483 465 2573; x_wconf 76' lang='grc' dir='ltr'><strong><em>εοἈνάχαρσις,</em></strong></span> <span class='ocrx_word' id='word_1_160' title='bbox 493 2485 548 2554; x_wconf 86' lang='grc' dir='ltr'><strong><em>καὶ</em></strong></span> <span class='ocrx_word' id='word_1_161' title='bbox 576 2482 678 2571; x_wconf 86' lang='grc' dir='ltr'><strong><em>άμφω</em></strong></span> <span class='ocrx_word' id='word_1_162' title='bbox 707 2485 753 2554; x_wconf 77' lang='grc' dir='ltr'><strong><em>τὼ</em></strong></span> <span class='ocrx_word' id='word_1_163' title='bbox 783 2484 894 2554; x_wconf 86' lang='grc' dir='ltr'><strong><em>δούλω</em></strong></span> <span class='ocrx_word' id='word_1_164' title='bbox 919 2495 1076 2566; x_wconf 86' lang='grc' dir='ltr'><strong><em>Αίσωπος</em></strong></span> <span class='ocrx_word' id='word_1_165' title='bbox 1102 2487 1158 2556; x_wconf 78' lang='grc' dir='ltr'><strong><em>καὶ</em></strong></span> <span class='ocrx_word' id='word_1_166' title='bbox 1177 2485 1324 2573; x_wconf 71' lang='grc' dir='ltr'><strong><em>’δπτίκτη-</em></strong></span> 
     </span>
     <span class='ocr_line' id='line_1_22' title="bbox 255 2588 1325 2680; baseline 0 -20"><span class='ocrx_word' id='word_1_167' title='bbox 255 2618 326 2678; x_wconf 89' lang='grc' dir='ltr'><strong><em>τος,</em></strong></span> <span class='ocrx_word' id='word_1_168' title='bbox 349 2591 405 2659; x_wconf 79' lang='grc' dir='ltr'><strong><em>καὶ</em></strong></span> <span class='ocrx_word' id='word_1_169' title='bbox 428 2588 446 2659; x_wconf 95' lang='lat'><em>6</em></span> <span class='ocrx_word' id='word_1_170' title='bbox 471 2590 586 2678; x_wconf 90' lang='grc' dir='ltr'><strong><em>Σύρος</em></strong></span> <span class='ocrx_word' id='word_1_171' title='bbox 609 2589 720 2680; x_wconf 79' lang='grc' dir='ltr'><strong><em>ῥήτωρ</em></strong></span> <span class='ocrx_word' id='word_1_172' title='bbox 744 2589 762 2659; x_wconf 94' lang='lat'><em>6</em></span> <span class='ocrx_word' id='word_1_173' title='bbox 783 2592 975 2672; x_wconf 86' lang='grc' dir='ltr'><strong><em>Λουκιανὸς</em></strong></span> <span class='ocrx_word' id='word_1_174' title='bbox 994 2589 1011 2660; x_wconf 93' lang='lat'><em>6</em></span> <span class='ocrx_word' id='word_1_175' title='bbox 1032 2591 1189 2675; x_wconf 82' lang='grc' dir='ltr'><strong><em>λιθοξόος</em></strong></span> <span class='ocrx_word' id='word_1_176' title='bbox 1210 2619 1245 2661; x_wconf 90' lang='grc' dir='ltr'><strong><em>τε</em></strong></span> <span class='ocrx_word' id='word_1_177' title='bbox 1268 2594 1325 2662; x_wconf 79' lang='grc' dir='ltr'><strong><em>καί</em></strong></span> 
     </span>
     <span class='ocr_line' id='line_1_23' title="bbox 255 2693 1324 2788; baseline 0.003 -22"><span class='ocrx_word' id='word_1_178' title='bbox 255 2697 453 2786; x_wconf 85' lang='grc' dir='ltr'><strong><em>ήμίδουλος,</em></strong></span> <span class='ocrx_word' id='word_1_179' title='bbox 476 2698 532 2766; x_wconf 74' lang='grc' dir='ltr'><strong><em>καὶ</em></strong></span> <span class='ocrx_word' id='word_1_180' title='bbox 552 2700 587 2765; x_wconf 86' lang='grc' dir='ltr'><strong><em>οί</em></strong></span> <span class='ocrx_word' id='word_1_181' title='bbox 602 2703 728 2786; x_wconf 87' lang='grc' dir='ltr'><strong><em>λοιποί,</em></strong></span> <span class='ocrx_word' id='word_1_182' title='bbox 746 2695 868 2788; x_wconf 73' lang='grc' dir='ltr'><strong><em>(ὥςπερ</em></strong></span> <span class='ocrx_word' id='word_1_183' title='bbox 886 2699 942 2768; x_wconf 79' lang='grc' dir='ltr'><strong><em>καὶ</em></strong></span> <span class='ocrx_word' id='word_1_184' title='bbox 961 2693 1039 2787; x_wconf 89' lang='grc' dir='ltr'><strong><em>παρ’</em></strong></span> <span class='ocrx_word' id='word_1_185' title='bbox 1064 2696 1145 2787; x_wconf 81' lang='grc' dir='ltr'><strong><em>ήμίν</em></strong></span> <span class='ocrx_word' id='word_1_186' title='bbox 1165 2697 1183 2768; x_wconf 94' lang='lat'><em>6</em></span> <span class='ocrx_word' id='word_1_187' title='bbox 1203 2720 1324 2788; x_wconf 84' lang='grc' dir='ltr'><strong><em>χρυσο·</em></strong></span> 
     </span>
     <span class='ocr_line' id='line_1_24' title="bbox 255 2802 1324 2894; baseline -0.001 -18"><span class='ocrx_word' id='word_1_188' title='bbox 255 2805 399 2894; x_wconf 83' lang='grc' dir='ltr'><strong><em>γνάμων</em></strong></span> <span class='ocrx_word' id='word_1_189' title='bbox 424 2806 550 2883; x_wconf 75' lang='grc' dir='ltr'><strong><em>ἐκεῖνος</em></strong></span> <span class='ocrx_word' id='word_1_190' title='bbox 576 2805 772 2892; x_wconf 77' lang='grc' dir='ltr'><strong><em>Σωτήριχος</em></strong></span> <span class='ocrx_word' id='word_1_191' title='bbox 798 2804 854 2872; x_wconf 84' lang='grc' dir='ltr'><strong><em>καὶ</em></strong></span> <span class='ocrx_word' id='word_1_192' title='bbox 882 2802 900 2873; x_wconf 90' lang='lat'><em>6</em></span> <span class='ocrx_word' id='word_1_193' title='bbox 930 2810 995 2874; x_wconf 81' lang='grc' dir='ltr'><strong><em>νῦν</em></strong></span> <span class='ocrx_word' id='word_1_194' title='bbox 1021 2807 1149 2894; x_wconf 70' lang='grc' dir='ltr'><strong><em>περιιόν</em></strong></span> <span class='ocrx_word' id='word_1_195' title='bbox 1176 2811 1235 2894; x_wconf 81' lang='grc' dir='ltr'><strong><em>τῆς</em></strong></span> <span class='ocrx_word' id='word_1_196' title='bbox 1261 2813 1324 2874; x_wconf 86' lang='grc' dir='ltr'><strong><em>Νι·</em></strong></span> 
     </span>
     <span class='ocr_line' id='line_1_25' title="bbox 255 2908 1324 3000; baseline 0.002 -20"><span class='ocrx_word' id='word_1_197' title='bbox 255 2911 425 3000; x_wconf 92' lang='grc' dir='ltr'><strong><em>κομήδους</em></strong></span> <span class='ocrx_word' id='word_1_198' title='bbox 448 2909 650 2997; x_wconf 85' lang='grc' dir='ltr'><strong><em>οίνοπράτης</em></strong></span> <span class='ocrx_word' id='word_1_199' title='bbox 670 2908 861 2998; x_wconf 78' lang='grc' dir='ltr'><strong><em>ἀρχιερεύς,</em></strong></span> <span class='ocrx_word' id='word_1_200' title='bbox 885 2908 923 2992; x_wconf 84' lang='grc' dir='ltr'><strong><em>ὃς</em></strong></span> <span class='ocrx_word' id='word_1_201' title='bbox 942 2910 1023 2982; x_wconf 78' lang='grc' dir='ltr'><strong><em>ούδδ</em></strong></span> <span class='ocrx_word' id='word_1_202' title='bbox 1040 2917 1107 2982; x_wconf 85' lang='grc' dir='ltr'><strong><em>νῦν</em></strong></span> <span class='ocrx_word' id='word_1_203' title='bbox 1131 2915 1241 2982; x_wconf 79' lang='grc' dir='ltr'><strong><em>ἐθέλει</em></strong></span> <span class='ocrx_word' id='word_1_204' title='bbox 1263 2916 1324 2982; x_wconf 84' lang='grc' dir='ltr'><strong><em>τοῦ</em></strong></span> 
     </span>
    </p>
   </div>
   <div class='ocr_carea' id='block_1_9' title="bbox 211 3015 1441 3214">
    <p class='ocr_par' dir='ltr' id='par_1_9' title="bbox 211 3015 1441 3214">
     <span class='ocr_line' id='line_1_26' title="bbox 211 3015 1441 3108; baseline -0.001 -22"><span class='ocrx_word' id='word_1_205' title='bbox 211 3023 424 3098; x_wconf 74' lang='grc' dir='ltr'><strong><em>εσπιθειόνος</em></strong></span> <span class='ocrx_word' id='word_1_206' title='bbox 457 3019 664 3103; x_wconf 76' lang='grc' dir='ltr'><strong><em>ἐξίστασθαι,</em></strong></span> <span class='ocrx_word' id='word_1_207' title='bbox 696 3015 772 3088; x_wconf 71' lang='grc' dir='ltr'><strong><em>ἄλλ’</em></strong></span> <span class='ocrx_word' id='word_1_208' title='bbox 809 3023 856 3086; x_wconf 81' lang='grc' dir='ltr'><strong><em>ἔτι</em></strong></span> <span class='ocrx_word' id='word_1_209' title='bbox 887 3019 949 3088; x_wconf 86' lang='grc' dir='ltr'><strong><em>τὸν</em></strong></span> <span class='ocrx_word' id='word_1_210' title='bbox 979 3015 1075 3096; x_wconf 84' lang='grc' dir='ltr'><strong><em>οίνον</em></strong></span> <span class='ocrx_word' id='word_1_211' title='bbox 1103 3018 1236 3108; x_wconf 89' lang='grc' dir='ltr'><strong><em>μιγνύει</em></strong></span> <span class='ocrx_word' id='word_1_212' title='bbox 1268 3019 1323 3088; x_wconf 78' lang='grc' dir='ltr'><strong><em>καὶ</em></strong></span> <span class='ocrx_word' id='word_1_213' title='bbox 1440 3021 1441 3108; x_wconf 51' lang='grc' dir='ltr'><strong>ᾗ</strong></span> 
     </span>
     <span class='ocr_line' id='line_1_27' title="bbox 256 3121 1441 3214; baseline -0.002 -20"><span class='ocrx_word' id='word_1_214' title='bbox 256 3123 453 3214; x_wconf 78' lang='grc' dir='ltr'><strong><em>μεταβάλλει</em></strong></span> <span class='ocrx_word' id='word_1_215' title='bbox 478 3123 559 3203; x_wconf 86' lang='grc' dir='ltr'><strong><em>τοὺς</em></strong></span> <span class='ocrx_word' id='word_1_216' title='bbox 585 3121 771 3213; x_wconf 83' lang='grc' dir='ltr'><strong><em>ιἰμφορείς).</em></strong></span> <span class='ocrx_word' id='word_1_217' title='bbox 818 3126 1067 3212; x_wconf 85' lang='grc' dir='ltr'><strong><em>συνηκμακέναι</em></strong></span> <span class='ocrx_word' id='word_1_218' title='bbox 1095 3123 1128 3192; x_wconf 86' lang='grc' dir='ltr'><strong><em>δ’</em></strong></span> <span class='ocrx_word' id='word_1_219' title='bbox 1161 3122 1267 3194; x_wconf 84' lang='grc' dir='ltr'><strong><em>αὐτόν</em></strong></span> <span class='ocrx_word' id='word_1_220' title='bbox 1291 3126 1327 3194; x_wconf 79' lang='lat' dir='ltr'><strong><em>oi</em></strong></span> <span class='ocrx_word' id='word_1_221' title='bbox 1440 3169 1441 3172; x_wconf 59' lang='lat'><em>=</em></span> 
     </span>
    </p>
   </div>
   <div class='ocr_carea' id='block_1_10' title="bbox 252 3228 1323 3536">
    <p class='ocr_par' dir='ltr' id='par_1_10' title="bbox 252 3228 1323 3536">
     <span class='ocr_line' id='line_1_28' title="bbox 256 3228 1322 3323; baseline -0.001 -22"><span class='ocrx_word' id='word_1_222' title='bbox 256 3231 318 3320; x_wconf 65' lang='grc' dir='ltr'><strong><em>μὲν</em></strong></span> <span class='ocrx_word' id='word_1_223' title='bbox 345 3228 475 3323; x_wconf 78' lang='grc' dir='ltr'><strong><em>Ὁμήρῳ</em></strong></span> <span class='ocrx_word' id='word_1_224' title='bbox 508 3236 628 3320; x_wconf 88' lang='grc' dir='ltr'><strong><em>φασίν,</em></strong></span> <span class='ocrx_word' id='word_1_225' title='bbox 660 3235 696 3300; x_wconf 75' lang='lat' dir='ltr'><strong><em>oi</em></strong></span> <span class='ocrx_word' id='word_1_226' title='bbox 727 3230 765 3300; x_wconf 74' lang='grc' dir='ltr'><strong><em>δέ</em></strong></span> <span class='ocrx_word' id='word_1_227' title='bbox 800 3233 856 3302; x_wconf 86' lang='grc' dir='ltr'><strong><em>καὶ</em></strong></span> <span class='ocrx_word' id='word_1_228' title='bbox 884 3229 1030 3322; x_wconf 85' lang='grc' dir='ltr'><strong><em>Ὁμήρου</em></strong></span> <span class='ocrx_word' id='word_1_229' title='bbox 1061 3233 1322 3321; x_wconf 76' lang='grc' dir='ltr'><strong><em>προγενέστερον</em></strong></span> 
     </span>
     <span class='ocr_line' id='line_1_29' title="bbox 256 3335 1323 3435; baseline -0.005 -26"><span class='ocrx_word' id='word_1_230' title='bbox 256 3338 343 3435; x_wconf 77' lang='grc' dir='ltr'><strong><em>εἶναη</em></strong></span> <span class='ocrx_word' id='word_1_231' title='bbox 378 3342 647 3426; x_wconf 76' lang='grc' dir='ltr'><strong><em>διισχυρίζονται.</em></strong></span> <span class='ocrx_word' id='word_1_232' title='bbox 691 3340 748 3406; x_wconf 79' lang='grc' dir='ltr'><strong><em>καὶ</em></strong></span> <span class='ocrx_word' id='word_1_233' title='bbox 780 3343 817 3409; x_wconf 73' lang='lat' dir='ltr'><strong><em>oi</em></strong></span> <span class='ocrx_word' id='word_1_234' title='bbox 846 3338 908 3427; x_wconf 67' lang='grc' dir='ltr'><strong><em>μέν</em></strong></span> <span class='ocrx_word' id='word_1_235' title='bbox 940 3340 1202 3426; x_wconf 84' lang='grc' dir='ltr'><strong><em>προγενέστερον</em></strong></span> <span class='ocrx_word' id='word_1_236' title='bbox 1234 3335 1323 3407; x_wconf 81' lang='grc' dir='ltr'><strong><em>εἶναι</em></strong></span> 
     </span>
     <span class='ocr_line' id='line_1_30' title="bbox 252 3443 1323 3536; baseline -0.001 -19"><span class='ocrx_word' id='word_1_237' title='bbox 252 3445 398 3536; x_wconf 87' lang='grc' dir='ltr'><strong><em>Ὁμήρου</em></strong></span> <span class='ocrx_word' id='word_1_238' title='bbox 443 3444 726 3532; x_wconf 78' lang='grc' dir='ltr'><strong><em>διισχυριζόμενοι</em></strong></span> <span class='ocrx_word' id='word_1_239' title='bbox 772 3447 809 3514; x_wconf 84' lang='grc' dir='ltr'><strong><em>έν</em></strong></span> <span class='ocrx_word' id='word_1_240' title='bbox 852 3443 970 3533; x_wconf 78' lang='grc' dir='ltr'><strong><em>ἀρχαῖς</em></strong></span> <span class='ocrx_word' id='word_1_241' title='bbox 993 3443 1101 3516; x_wconf 70' lang='grc' dir='ltr'><strong><em>«εἶναί</em></strong></span> <span class='ocrx_word' id='word_1_242' title='bbox 1142 3466 1225 3533; x_wconf 89' lang='grc' dir='ltr'><strong><em>φασι</em></strong></span> <span class='ocrx_word' id='word_1_243' title='bbox 1266 3450 1323 3532; x_wconf 78' lang='grc' dir='ltr'><strong><em>τῆς</em></strong></span> 
     </span>
    </p>
   </div>
   <div class='ocr_carea' id='block_1_11' title="bbox 257 3703 1322 4086">
    <p class='ocr_par' dir='ltr' id='par_1_11' title="bbox 257 3703 1322 3858">
     <span class='ocr_line' id='line_1_31' title="bbox 327 3703 1322 3855; baseline -0.002 -69"><span class='ocrx_word' id='word_1_244' title='bbox 327 3732 361 3787; x_wconf 92' lang='lat' dir='ltr'><strong><em>v.</em></strong></span> <span class='ocrx_word' id='word_1_245' title='bbox 382 3737 405 3787; x_wconf 90' lang='lat'><strong><em>1.</em></strong></span> <span class='ocrx_word' id='word_1_246' title='bbox 443 3703 632 3855; x_wconf 56' lang='grc' dir='ltr'><strong><em>αοερχεεε</em></strong></span> <span class='ocrx_word' id='word_1_247' title='bbox 654 3729 719 3786; x_wconf 74' lang='grc' dir='ltr'><strong><em>ιιι.</em></strong></span> <span class='ocrx_word' id='word_1_248' title='bbox 756 3731 849 3801; x_wconf 80' lang='lat' dir='ltr'><strong>Vulgo</strong></span> <span class='ocrx_word' id='word_1_249' title='bbox 873 3725 976 3798; x_wconf 68' lang='grc' dir='ltr'><strong><em>αιιει,</em></strong></span> <span class='ocrx_word' id='word_1_250' title='bbox 1000 3729 1077 3798; x_wconf 73' lang='lat' dir='ltr'><strong>quoe</strong></span> <span class='ocrx_word' id='word_1_251' title='bbox 1098 3746 1153 3786; x_wconf 67' lang='grc' dir='ltr'><strong><em>ιιι.</em></strong></span> <span class='ocrx_word' id='word_1_252' title='bbox 1173 3730 1322 3786; x_wconf 68' lang='lat' dir='ltr'><strong>sthoem.</strong></span> 
     </span>
     <span class='ocr_line' id='line_1_32' title="bbox 257 3802 700 3858; baseline -0.005 0"><span class='ocrx_word' id='word_1_253' title='bbox 257 3802 378 3858; x_wconf 81' lang='lat' dir='ltr'><strong>Uncinoe</strong></span> <span class='ocrx_word' id='word_1_254' title='bbox 396 3802 506 3858; x_wconf 77' lang='lat' dir='ltr'><strong>eddidit</strong></span> <span class='ocrx_word' id='word_1_255' title='bbox 565 3805 700 3857; x_wconf 83' lang='lat' dir='ltr'><strong>eeterm.</strong></span> 
     </span>
    </p>

    <p class='ocr_par' dir='ltr' id='par_1_12' title="bbox 327 3866 1253 3942">
     <span class='ocr_line' id='line_1_33' title="bbox 327 3866 1253 3942; baseline -0.004 -14"><span class='ocrx_word' id='word_1_256' title='bbox 327 3873 361 3930; x_wconf 88' lang='lat' dir='ltr'><strong><em>V.</em></strong></span> <span class='ocrx_word' id='word_1_257' title='bbox 382 3880 423 3928; x_wconf 83' lang='lat'><strong><em>13.</em></strong></span> <span class='ocrx_word' id='word_1_258' title='bbox 456 3869 732 3942; x_wconf 72' lang='grc' dir='ltr'><strong><em>Ἑλικωνίιιδας]</em></strong></span> <span class='ocrx_word' id='word_1_259' title='bbox 766 3871 812 3928; x_wconf 77' lang='lat' dir='ltr'><strong><em>Sic</em></strong></span> <span class='ocrx_word' id='word_1_260' title='bbox 829 3872 893 3928; x_wconf 76' lang='lat' dir='ltr'><strong>Vnt.</strong></span> <span class='ocrx_word' id='word_1_261' title='bbox 930 3871 1023 3942; x_wconf 77' lang='lat' dir='ltr'><strong>Vulgo</strong></span> <span class='ocrx_word' id='word_1_262' title='bbox 1038 3866 1253 3934; x_wconf 70' lang='grc' dir='ltr'><strong><em>Ἐλιιιωνίτιδος</em></strong></span> 
     </span>
    </p>

    <p class='ocr_par' dir='ltr' id='par_1_13' title="bbox 327 3939 904 4016">
     <span class='ocr_line' id='line_1_34' title="bbox 327 3939 904 4016; baseline -0.005 -18"><span class='ocrx_word' id='word_1_263' title='bbox 327 3944 360 3998; x_wconf 88' lang='lat' dir='ltr'><strong><em>V.</em></strong></span> <span class='ocrx_word' id='word_1_264' title='bbox 381 3951 423 4000; x_wconf 73' lang='lat'><strong><em>15.</em></strong></span> <span class='ocrx_word' id='word_1_265' title='bbox 460 3945 515 4000; x_wconf 86' lang='grc' dir='ltr'><strong><em>νύν</em></strong></span> <span class='ocrx_word' id='word_1_266' title='bbox 534 3939 563 3999; x_wconf 89' lang='grc' dir='ltr'><strong><em>δ’</em></strong></span> <span class='ocrx_word' id='word_1_267' title='bbox 585 3939 708 4016; x_wconf 78' lang='grc' dir='ltr'><strong><em>ἡμίθεον</em></strong></span> <span class='ocrx_word' id='word_1_268' title='bbox 726 3943 904 3998; x_wconf 78' lang='lat' dir='ltr'><strong>Westerm.</strong></span> 
     </span>
    </p>

    <p class='ocr_par' dir='ltr' id='par_1_14' title="bbox 327 4008 1322 4086">
     <span class='ocr_line' id='line_1_35' title="bbox 327 4008 1322 4086; baseline -0.003 -15"><span class='ocrx_word' id='word_1_269' title='bbox 327 4015 361 4071; x_wconf 91' lang='lat' dir='ltr'><strong><em>V.</em></strong></span> <span class='ocrx_word' id='word_1_270' title='bbox 382 4021 424 4072; x_wconf 80' lang='lat'><strong><em>22.</em></strong></span> <span class='ocrx_word' id='word_1_271' title='bbox 452 4008 546 4084; x_wconf 78' lang='grc' dir='ltr'><strong><em>όνπερ</em></strong></span> <span class='ocrx_word' id='word_1_272' title='bbox 564 4046 597 4056; x_wconf 91' lang='grc'>-</span> <span class='ocrx_word' id='word_1_273' title='bbox 617 4011 757 4086; x_wconf 76' lang='grc' dir='ltr'><strong><em>ἀμφορεῖς</em></strong></span> <span class='ocrx_word' id='word_1_274' title='bbox 776 4032 830 4070; x_wconf 89' lang='lat' dir='ltr'><strong><em>om.</em></strong></span> <span class='ocrx_word' id='word_1_275' title='bbox 863 4013 1035 4069; x_wconf 82' lang='lat' dir='ltr'><strong>Weeterm.</strong></span> <span class='ocrx_word' id='word_1_276' title='bbox 1068 4014 1217 4070; x_wconf 80' lang='lat' dir='ltr'><strong>Schoem.</strong></span> <span class='ocrx_word' id='word_1_277' title='bbox 1246 4033 1322 4083; x_wconf 82' lang='grc' dir='ltr'><strong><em>περι-</em></strong></span> 
     </span>
    </p>
   </div>
   <div class='ocr_carea' id='block_1_12' title="bbox 232 4086 1322 4224">
    <p class='ocr_par' dir='ltr' id='par_1_15' title="bbox 232 4086 1322 4224">
     <span class='ocr_line' id='line_1_36' title="bbox 232 4086 1322 4224; baseline -0.006 -8"><span class='ocrx_word' id='word_1_278' title='bbox 232 4090 308 4143; x_wconf 67' lang='lat' dir='ltr'><strong><em>.th</em></strong></span> <span class='ocrx_word' id='word_1_279' title='bbox 327 4086 433 4216; x_wconf 46' lang='lat' dir='ltr'><strong><em>Vnt?</em></strong></span> <span class='ocrx_word' id='word_1_280' title='bbox 462 4157 550 4224; x_wconf 83' lang='lat' dir='ltr'><strong>Quem</strong></span> <span class='ocrx_word' id='word_1_281' title='bbox 573 4157 620 4213; x_wconf 84' lang='lat' dir='ltr'><strong><em>hio</em></strong></span> <span class='ocrx_word' id='word_1_282' title='bbox 641 4155 813 4214; x_wconf 77' lang='lat' dir='ltr'><strong>intellexerit</strong></span> <span class='ocrx_word' id='word_1_283' title='bbox 834 4155 940 4221; x_wconf 75' lang='grc' dir='ltr'><strong><em>ιιεεοὶος</em></strong></span> <span class='ocrx_word' id='word_1_284' title='bbox 969 4151 1123 4224; x_wconf 82' lang='grc' dir='ltr'><strong><em>οίνοπράτη</em></strong></span> <span class='ocrx_word' id='word_1_285' title='bbox 1145 4155 1257 4212; x_wconf 83' lang='lat' dir='ltr'><strong>videtur</strong></span> <span class='ocrx_word' id='word_1_286' title='bbox 1279 4159 1322 4210; x_wconf 81' lang='lat' dir='ltr'><strong><em>tn-</em></strong></span> 
     </span>
    </p>
   </div>
   <div class='ocr_carea' id='block_1_13' title="bbox 156 4221 1441 4315">
    <p class='ocr_par' dir='ltr' id='par_1_16' title="bbox 156 4221 1441 4315">
     <span class='ocr_line' id='line_1_37' title="bbox 156 4221 1441 4315; baseline -0.006 -26"><span class='ocrx_word' id='word_1_287' title='bbox 156 4229 159 4236; x_wconf 78' lang='grc'><strong>’</strong></span> <span class='ocrx_word' id='word_1_288' title='bbox 257 4233 345 4288; x_wconf 82' lang='lat' dir='ltr'><strong>berne</strong></span> <span class='ocrx_word' id='word_1_289' title='bbox 362 4245 435 4300; x_wconf 80' lang='grc' dir='ltr'><strong><em>ειιε,</em></strong></span> <span class='ocrx_word' id='word_1_290' title='bbox 452 4228 508 4286; x_wconf 73' lang='grc' dir='ltr'><strong><em>αἰεὶ</em></strong></span> <span class='ocrx_word' id='word_1_291' title='bbox 526 4227 581 4315; x_wconf 64' lang='grc' dir='ltr'><strong><em>ξας.</em></strong></span> <span class='ocrx_word' id='word_1_292' title='bbox 608 4228 817 4312; x_wconf 63' lang='grc' dir='ltr'><strong><em>Νικομηθείας,</em></strong></span> <span class='ocrx_word' id='word_1_293' title='bbox 836 4230 869 4283; x_wconf 84' lang='lat' dir='ltr'><strong><em>nt</em></strong></span> <span class='ocrx_word' id='word_1_294' title='bbox 887 4221 1057 4296; x_wconf 79' lang='grc' dir='ltr'><strong><em>οίνοιςάτης</em></strong></span> <span class='ocrx_word' id='word_1_295' title='bbox 1075 4226 1112 4282; x_wconf 76' lang='lat' dir='ltr'><strong><em>iit</em></strong></span> <span class='ocrx_word' id='word_1_296' title='bbox 1125 4226 1321 4283; x_wconf 72' lang='lat' dir='ltr'><strong>nominativus.</strong></span> <span class='ocrx_word' id='word_1_297' title='bbox 1439 4295 1441 4302; x_wconf 33' lang='grc' dir='ltr'>Ι</span> 
     </span>
    </p>
   </div>
   <div class='ocr_carea' id='block_1_14' title="bbox 329 4297 1258 4370">
    <p class='ocr_par' dir='ltr' id='par_1_17' title="bbox 329 4297 1258 4370">
     <span class='ocr_line' id='line_1_38' title="bbox 329 4297 1258 4370; baseline -0.003 -12"><span class='ocrx_word' id='word_1_298' title='bbox 329 4302 362 4359; x_wconf 93' lang='lat' dir='ltr'><strong><em>V.</em></strong></span> <span class='ocrx_word' id='word_1_299' title='bbox 382 4307 425 4359; x_wconf 75' lang='lat'><strong><em>29.</em></strong></span> <span class='ocrx_word' id='word_1_300' title='bbox 462 4302 535 4356; x_wconf 87' lang='lat' dir='ltr'><strong>Ante</strong></span> <span class='ocrx_word' id='word_1_301' title='bbox 556 4301 674 4370; x_wconf 87' lang='grc' dir='ltr'><strong><em>Ομηρου</em></strong></span> <span class='ocrx_word' id='word_1_302' title='bbox 692 4299 757 4356; x_wconf 79' lang='grc' dir='ltr'><strong><em>αδδ.</em></strong></span> <span class='ocrx_word' id='word_1_303' title='bbox 775 4298 877 4354; x_wconf 76' lang='grc' dir='ltr'><strong><em>τοῦτον</em></strong></span> <span class='ocrx_word' id='word_1_304' title='bbox 896 4298 1072 4354; x_wconf 78' lang='lat' dir='ltr'><strong>Westerm.</strong></span> <span class='ocrx_word' id='word_1_305' title='bbox 1110 4297 1258 4355; x_wconf 76' lang='lat' dir='ltr'><strong>Schoem.</strong></span> 
     </span>
    </p>
   </div>
   <div class='ocr_carea' id='block_1_15' title="bbox 0 0 1484 4896">
    <p class='ocr_par' dir='ltr' id='par_1_18' title="bbox 0 0 1484 4896">
     <span class='ocr_line' id='line_1_39' title="bbox 0 0 1484 4896; baseline 0 0"><span class='ocrx_word' id='word_1_306' title='bbox 0 0 1484 4896; x_wconf 95' lang='lat' dir='ltr'><strong><em> </em></strong></span> 
     </span>
    </p>
   </div>
  </div>
 </body>
</html>
