2904 4900
540 303 814 360 FRAGMENTA.

611 519 645 586 ο.
673 519 754 605 (aa.)

222 639 332 695 Sahal.
352 640 429 696 Van.
449 641 481 696 Il.
500 642 537 710 ΙΙ,
561 648 624 696 764ι
649 637 719 697 άλλά
743 660 831 711 φασιν
854 641 895 705 εἰς
918 639 1047 711 ἰδιότητα
1065 643 1115 699 τοῦ
1134 639 1215 714 Ἀγιλ-

144 727 222 791 λέως
241 729 488 801 βεβαρντονῆσθαι
505 725 537 784 τό
557 724 696 799 ποδιόιιης,
714 725 792 799 παρά
812 732 882 799 γοῦν
897 726 1018 806 Ἡσιόδῳ
1037 727 1216 801 άνεγνάνασι

574 834 728 922 ποδωκης
751 834 797 904 δῖ’
819 835 1010 925 Ἀταλάντη.

146 959 205 1015 Sed
223 959 364 1016 Hesiod.
385 959 460 1014 Scut.
481 966 530 1015 191
550 959 682 1030 ποδώκης
695 961 806 1032 legitur.
845 958 990 1032 [ποδωκὴς
1008 957 1049 1018 δι”
1067 957 1216 1030 Ἀταλάντη

145 1050 220 1104 citat
237 1048 419 1104 Herodian.
438 1050 459 1106 I.
473 1067 500 1119 p.
516 1051 608 1107 8211.
626 1068 654 1120 p.
669 1045 703 1104 '3⁷
722 1051 818 1105 Lentz.
854 1051 926 1106 Hine
945 1052 1067 1122 corrigas
1081 1053 1102 1107 Ι.
1116 1069 1144 1122 p.
1159 1051 1216 1122 82].

602 1211 653 1278 01.
682 1210 763 1298 (aa.)

219 1333 378 1402 Apollod.
398 1334 446 1401 111,
465 1341 491 1402 9,
511 1337 540 1387 8:
556 1329 683 1397 Ἡσίοδος
701 1332 733 1390 δὲ
753 1337 805 1390 καί
820 1354 894 1398 τινες
913 1331 1004 1404 έτεροι
1021 1332 1074 1404 τὴν
1089 1330 1217 1390 Ἀταλάν-

145 1442 199 1490 την
218 1422 272 1476 οόιι
289 1417 389 1490 Ίάσοο,
407 1417 479 1476 άλλά
498 1421 642 1492 Σχοινέως
660 1421 749 1479 εἷπον.

594 1585 661 1652 οΠ.
688 1584 769 1674 (aa.)

221 1705 331 1762 Sohol.
350 1706 459 1762 Ambr.
482 1707 564 1762 Hom.
584 1707 717 1777 od.V11‚
741 1714 788 1764 54:
810 1704 937 1771 Ἡσίοδος
960 1705 992 1763 δέ
1016 1703 1147 1778 ἀδελφὴν
1163 1702 1214 1762 Ἀλ-

149 1790 249 1850 αινόον
268 1789 320 1864 την
336 1791 450 1865 Ἀρήτην
468 1790 619 1868 ὑπέλαβεν.

551 1923 555 1930 ’
584 1957 669 2026 0111.
698 1957 781 2047 (18.)

221 2079 377 2135 Philemo
394 2099 421 2136 v.
440 2075 552 2150 εόφνής
570 2084 599 2136 et
616 2081 809 2138 Favorinus
826 2099 854 2152 p.
874 2089 935 2149 781,
954 2089 1002 2138 20:
1020 2085 1069 2138 καὶ
1087 2088 1146 2144 τοῖς
1163 2085 1217 2150 θη-

149 2171 245 2230 λυκοῖς
264 2163 402 2236 ὀνόμασιν
425 2163 560 2239 ἀρσενικὰ
586 2164 787 2225 σνντάττοοσιν
806 2165 944 2239 ἐπίθετα,
969 2165 1007 2233 ὡς
1024 2166 1090 2240 παρ’
1105 2166 1216 2244 Ὁμήρῳ

148 2253 250 2320 νλντός
265 2251 450 2327 Ἱπποδάμεια
469 2257 518 2312 nat
536 2254 645 2328 θερμός
663 2252 758 2334 άῦτμὴ
782 2259 831 2313 οιαὶ
850 2253 918 2321 άλὸς
936 2261 1057 2327 πολιοῖο,
1081 2260 1131 2313 καὶ
1148 2256 1214 2328 παρ’

146 2340 270 2419 Ἡσιόδῳ

506 2437 706 2522 δαλζομένον
728 2435 861 2521 πόληος.

149 2578 179 2632 F.
199 2577 393 2648 δαϊζομένοιο,
418 2577 492 2647 quod
519 2577 640 2633 coniecit
659 2578 823 2634 Osannus.
859 2575 1098 2634 Marakaeheff.
1123 2577 1215 2641 δαϊζο-

150 2664 240 2737 μένοο
260 2661 292 2719 δέ
311 2661 429 2734 πόληος,
448 2665 523 2734 quod
541 2667 617 2720 carta
634 2668 761 2736 praestat
779 2666 869 2722 altera
887 2665 1010 2722 eiusdem
1028 2663 1215 2721 Maraksahef·

149 2753 212 2809 folii
230 2753 391 2808 coniectura
409 2753 577 2824 δαϊζομένον
595 2749 701 2817 πόλιος.

577 2931 660 3000 ow.
688 2932 792 3021 (138.)

226 3057 432 3112 Grammaticus
457 3055 487 3110 in
510 3055 657 3111 Bekkari
681 3056 832 3112 Anacdotis
855 3076 883 3128 p.
908 3063 990 3112 1183:
1014 3051 1029 3112 ὁ
1051 3052 1141 3126 Θόας,
1164 3057 1215 3112 τοῦ

151 3142 225 3215 Θόα,
244 3140 283 3208 ὥς
300 3140 365 3214 παρ’
381 3141 515 3218 Ἡσιόδῳ·
1025 3147 1028 3156 “

471 3248 492 3338 ἡ
518 3251 556 3319 δέ
579 3252 672 3321 Θόαν
694 3255 787 3325 τέκεν
811 3251 898 3320 υἱόν.

153 3377 200 3448 [V.
219 3375 402 3432 Herodian.
421 3377 456 3431 II.
475 3394 503 3447 p.
523 3381 575 3432 649
594 3377 703 3448 Lenta]

584 3555 650 3624 av.
678 3555 783 3645 (ιιι.)

225 3681 351 3737 Taetza
368 3679 484 3751 Exegee.
503 3680 534 3736 in
551 3680 632 3736 Iliad.
650 3698 677 3749 p.
693 3685 736 3749 68,
755 3686 803 3734 20:
823 3675 838 3736 ὁ
855 3675 1042 3751 Ἀγαμέμνων,
1059 3676 1164 3750 ὁμοίως
1182 3681 1214 3738 δέ

152 3768 202 3824 ναὶ
219 3767 369 3832 Μενέλαος
390 3763 458 3824 καθ’
481 3763 610 3824 Ἡσίοδον
636 3767 684 3826 καὶ
707 3765 844 3839 Αἰσχύλον
873 3770 983 3841 (Agam.
1008 3772 1097 3840 1602).
1134 3773 1216 3826 Πλει-

153 3855 285 3926 σθένους,
310 3855 374 3913 vta&
392 3852 515 3930 Ἀτρέως,
542 3861 644 3921 παῖδες
666 3860 842 3930 νομίζονται,
865 3854 939 3914 πατόι
962 3856 995 3914 δέ
1021 3853 1072 3914 τόν
1095 3855 1216 3929 ποιητὴν

153 3946 203 4001 καὶ
220 3941 331 4009 πάντας
343 3941 440 4010 ἅπλῶς
456 3946 567 4017 Ἀτρέως
581 3941 680 4002 αότοῦ.
700 3978 733 3987 -
750 3942 862 4016 Ἀτρέως
880 3945 913 4002 δέ
928 3946 976 4002 καὶ
994 3943 1123 4018 Ἀερόπης
1140 3945 1215 4004 ιιατοὶ

153 4034 207 4105 μέν
230 4029 281 4091 τόν
304 4030 425 4105 ποιητὴν
447 4036 497 4090 καὶ
520 4033 630 4099 πάντας
655 4030 753 4097 άπλάς
777 4030 968 4106 Ἀγαμέμνων,
995 4034 1144 4101 Μενέλαος
1167 4038 1217 4092 καὶ

150 4120 291 4196 Ἀναξιβία
315 4118 333 4193 ἡ
353 4119 443 4196 μήτηρ
465 4120 614 4181 Πνλάδον·
638 4119 711 4180 κατά
734 4122 767 4179 δὲ
789 4118 919 4180 Ἡσίοδον
941 4126 991 4181 παλ
1007 4122 1145 4197 Αλσγόλον
1167 4128 1218 4181 καὶ

154 4209 257 4275 ἅλλονς
271 4207 351 4274 τινάς
366 4206 477 4280 Ἀτρέως
490 4213 540 4266 καὶ
555 4206 685 4282 Ἀερόπης
699 4211 885 4288 Πλεισθένης,
903 4213 1098 4280 Πλεισθένους
1116 4213 1148 4272 δέ
1167 4216 1217 4271 καὶ

153 4297 295 4363 Κλεόλλως
315 4301 365 4369 τῆς
384 4302 506 4363 Δίαντος
526 4295 715 4374 Ἀγαμέμνων,
737 4301 887 4365 Μενέλαος
904 4301 953 4358 καὶ
974 4297 1121 4374 Ἀναξιβία.
1149 4302 1216 4360 νέον
1253 4309 1262 4332 ’
